% Encoding: UTF-8

@InCollection{Laurens2008,
  author    = {{Fr\'ed\'eric} Laurens},
  title     = {French Predicative Verbless Utterances},
  pages     = {152--172},
  crossref  = {Mueller2008a-ed},
}

@Book{Chomsky1986,
  title     = {Knowledge of Language},
  publisher = {Praeger},
  year      = {1986},
  author    = {Chomsky, Noam},
  address   = {New York},
}

@Article{JackendoffandCulicover2003-removed,
  author  = {Ray Jackendoff and Peter Culicover},
  title   = {The Semantic Basis of Control in {English}},
  journal = {Language},
  year    = {2003},
  volume  = {79},
  pages   = {517-556},
}

@Book{Kroeger1993,
  title     = {Phrase Structure and Grammatical Relations in {Tagalog}},
  publisher = {CSLI Publications},
  year      = {1993},
  author    = {Kroeger, Paul},
  series    = {Dissertation in Linguistics},
  address   = {Stanford, CA},
}

@Book{VanValinandLapolla1997-removed,
  title     = {Syntax: Form, Meaning, and Function},
  publisher = {Cambridge University Press},
  year      = {1997},
  author    = {Van Valin, Robert and Randy Lapolla},
  series    = {Cambridge Textbooks in Linguistics},
  address   = {Cambridge},
}

@InCollection{Karimi2008,
  author    = {Karimi, Simin},
  title     = {Raising and control in {Persian}},
  booktitle = {Aspects of {Iranian} Linguistics},
  publisher = {Cambridge Scholars Publishing},
  year      = {2008},
  editor    = {Simin Karimi and Vida Samiian and Donald Stilo},
  pages     = {177--208},
  address   = {Cambridge},
}

@Article{Zaenenetal1985-removed-incomplete,
  author  = {Zaenen, A. and Maling, J. and Thrinsson, H},
  title   = {Case and grammatical functions: the {I}celandic passive},
  journal = {Natural Language and Linguistic Theory},
  year    = {1985},
  volume  = {3},
  pages   = {441-483},
}

@Article{WechslerandArka1998-removed,
  author  = {Stephen Wechsler and I. Wayan Arka},
  title   = {Syntactic Ergativity in {Balinese}: {An} Argument Structure Based Theory},
  journal = {Natural Language and Linguistic Theory},
  year    = {1998},
  volume  = {16},
  number  = {2},
  pages   = {387--441},
  doi     = {10.1023/A:1005920831550},
}

@Article{Stowell1983-removed,
  author  = {Stowell, Timothy},
  title   = {Subject Across Categories},
  journal = {The Linguistic Review},
  year    = {1983},
  volume  = {2},
  pages   = {285--312},
}

@InCollection{Stowell1981,
  author    = {Tim Stowell},
  title     = {Complementizers and the {Empty Category Principle}},
  booktitle = {Proceedings of the {Eleventh Annual Meeting of the North Eastern Linguistic Society}},
  publisher = {GLSA},
  year      = {1981},
  editor    = {Victoria Burke and James Pustejovsky},
  pages     = {345--363},
  address   = {Amherst, MA},
}


@InCollection{ManningandSag1998-removed-incomplete,
  author    = {Christopher Manning and Ivan Sag},
  title     = {Dissociations Between Argument Structure and Grammatical Relations},
  booktitle = {Lexical and Constructional Aspects of Linguistic Explanation},
  publisher = {CSLI Publications},
  year      = {1999},
  editor    = {Gert Webelhuth and Jean-Pierre Koenig and Andreas Kathol},
  address   = {Stanford, CA},
}

@InCollection{HenriandAbeille2007,
  author    = {Fabiola Henri and Anne {Abeill\'e}},
  title     = {The syntax of copular constructions in {Mauritian}},
  pages     = {130--149},
  crossref  = {Mueller2007a-ed},
}

@Book{Postal1974-removed,
  title     = {On raising},
  publisher = {MIT Press},
  year      = {1974},
  author    = {Paul Postal},
  series    = {Current Studies in Linguistics},
  address   = {Cambridge, MA},
}

@Article{Farkas1988,
  author  = {Farkas, Donca},
  title   = {On Obligatory Control},
  journal = {Linguistics and Philosophy},
  year    = {1988},
  volume  = {11},
  number  = {1},
  pages   = {27-58},
}

@InCollection{HenriandLaurens2011,
  author    = {Fabiola Henri and {F\'ed\'eric} Laurens},
  title     = {The complementation of raising and control verbs in {Mauritian}},
  booktitle = {Empirical issues in syntax and semantics 8},
  publisher = {CNRS},
  year      = {2011},
  editor    = {Olivier Bonami and Patricia Cabredo-Hofherr},
  pages     = {195--220},
  address   = {Paris},
}

@Book{VanEynde2015-removed-wrong-incomplete,
  title     = {Predicative Constructions: From the {Fregean} to a {Montagovian} Treatment},
  publisher = {CSLI publications},
  year      = {2015},
  author    = {Van Eynde, Frank},
  address   = {Stanford},
}

@PhdThesis{Henri2010,
  author  = {Fabiola Henri},
  title   = {A Constraint-Based Approach to Verbal Constructions in {Mauritian}: {Morphological}, Syntactic and Discourse-based Aspects},
  school  = {University Paris Diderot-Paris 7 and University of Mauritius},
  year    = {2010},
  address = {Paris},
}

@Article{Jacobson1990-removed-control,
  author  = {Pauline Jacobson},
  title   = {Raising as function composition},
  journal = {Linguistics and Philosophy},
  year    = {1990},
  pages   = {423-475},
}

@Article{SagandPollard1991-removed,
  author  = {Ivan Sag and Carl Pollard},
  title   = {An integrated theory of complement control},
  journal = {Language},
  year    = {1991},
  volume  = {67},
  pages   = {63-113},
  number  = {1},
}

@Article{Sagetal2020-removed,
  author  = {Ivan Sag and Rui Chaves and Anne {Abeill\'e} and Bruno Estigarribia and Dan Flickinger and Paul Kay and Laura Michaelis and Stefan {M\"uller} and Geoffrey and Frank van Eynde and Tom Wasow},
  title   = {Lessons from the English auxiliary system},
  journal = {Journal of Linguistics},
  year    = {2020},
  volume  = {56},
  number  = {1},
  pages   = {87--155},
}

@InCollection{Bresnan1982,
  author    = {Bresnan, Joan},
  title     = {Control and complementation},
  booktitle = {The mental representation of grammatical relations},
  publisher = {MIT Press},
  year      = {1982},
  editor    = {Joan Bresnan},
  pages     = {292-390},
  address   = {Cambridge, MA},
}

@Book{PollardandSag1994-removed-control-raising,
  title     = {Head-driven {Phrase}-{Structure} {Grammar}},
  publisher = {Chicago University Press},
  year      = {1994},
  author    = {Pollard, Carl and Sag, Ivan},
  series    = {Studies in Contemporary Linguistics},
  address   = {Chicago, IL},
  comment   = {4 might be the number in the series},
}

@PhdThesis{Hassamal2017,
  author  = {Shrita Hassamal},
  title   = {Grammaire des adverbes en {Mauricien}},
  school  = {{Universit\'e} Paris Didetor},
  year    = {2017},
  address = {Paris},
}

@InCollection{ArnoldandBorsley2008-removed-control,
  author    = {Doug Arnold and Robert Borsley},
  title     = {Non-restrictive Relative Clauses, Ellipsis and Anaphora},
  pages     = {325--345},
  crossref  = {Mueller2008a-ed},
}

@Article{PollardandSag1992-removed,
  author  = {Pollard, Carl and Sag, Ivan},
  title   = {Anaphors in {E}nglish and the Scope of {Binding} {Theory}},
  journal = {Linguistic Inquiry},
  year    = {1992},
  volume  = {23},
  number  = {2},
  pages   = {261--303},
}

@Article{Gazdaretal1982,
  author  = {Gazdar, Gerald and Pullum, Geoffrey and Sag, Ivan},
  title   = {Auxiliaries and related phenomena in a restrictive theory of grammar},
  journal = {Language},
  year    = {1982},
  volume  = {58},
  number  = {3},
  pages   = {591--638},
}

@Book{Chomsky1981,
  title     = {Lectures on Government and Binding},
  publisher = {Foris},
  year      = {1981},
  author    = {Chomsky, Noam},
  address   = {Dordrecht},
}

@string{psicl =  "Poznań Studies in Contemporary Linguistics"}
@string{ril =    "Research in Language"}

@Article{Przepiorkowski2004,
  author =       "Adam Przepiórkowski",
  title =        "On Case Transmission in {Polish} Control and Raising Constructions",
  journal =      psicl,
  volume =       39,
  pages =        "103--123",
  year =         2004}

@Article{PrzepiorkowskiandRosen2005,
  author =       "Adam Przepiórkowski and Alexandr Rosen",
  title =        "Czech and {P}olish Raising/Control with or without
                  Structure Sharing",
  journal =      ril,
  volume =       3,
  pages =        "33--66",
  year =         2005}}


