@Inproceedings(anderson83,
 author = {Carol Anderson},
 year = {1983},
 title = {Generating coordinate structures with asymmetric gaps},
 booktitle = {Chicago Linguistic Society},
 volume = {19},
 pages = {3--14})

@ARTICLE{gazdarc,
  AUTHOR = {Gazdar, Gerald},
  DATE = {1980},
  JOURNALTITLE = {Linguistics and Philosophy},
  NUMBER = {3},
  PAGES = {407--410},
  TITLE = {A Cross-Categorial Semantics for Coordination},
  VOLUME = {3}
}

@ARTICLE{gazd1982,
  AUTHOR = {Gazdar, Gerald and Pullum, Geoffrey K. and Sag, Ivan A. and Wasow, Thomas},
  DATE = {1982},
  JOURNALTITLE = {Linguistic Inquiry},
  NUMBER = {4},
  PAGES = {663--677},
  TITLE = {Coordination and {Transformational Grammar}},
  VOLUME = {13}
}

@ARTICLE{pullumzwicky-incomplete-removed,
  AUTHOR = {Pullum, Geoffrey K. and Zwicky, Arnold M.},
  DATE = {1986},
  JOURNALTITLE = {Language},
  PAGES = {751--773},
  TITLE = {Phonological Resolution of Syntactic Feature Conflict},
  VOLUME = {72}
}

@INCOLLECTION{zwart,
  AUTHOR = {Zwart, Jan-Wouter},
  EDITOR = {Doetjes, Jenny and van de Weijer, Jeroen},
  PUBLISHER = Benjamins,
  address = {Amsterdam},
  BOOKTITLE = {Linguistics in the {Netherlands} 2005},
  DATE = {2005},
  PAGES = {232--241},
  TITLE = {Some Notes on Coordination in Head-Final Languages}
}


@phdTHESIS{pesetsky,
  AUTHOR = {Pesetsky, David},
  INSTITUTION = {MIT},
  DATE = {1982},
  TITLE = {Paths and Categories},
}

@INCOLLECTION{rodney-removed,
  AUTHOR = {Huddleston, Rodney D. and Payne, John and Peterson, Peter},
  EDITOR = {Huddleston, Rodney D. and Pullum, Geoffrey K.},
  PUBLISHER = {Cambridge University Press},
  BOOKTITLE = {The Cambridge Grammar of the {English} Language},
  CHAPTER = {15},
  DATE = {2002},
  PAGES = {1273--1362},
  TITLE = {Coordination and Supplementation}
}

@ARTICLE{borsley94,
  AUTHOR = {Borsley, Robert D.},
  DATE = {1994},
  JOURNALTITLE = {Linguistics Analysis},
  PAGES = {218--426},
  TITLE = {In defence of coordinate structures},
  VOLUME = {24}
}

@ARTICLE{Borsley:05-duplicate,
  AUTHOR = {Borsley, Robert D},
  DATE = {2005},
  JOURNALTITLE = {Lingua},
  KEYWORDS = {Borsley:05},
  PAGES = {461--482},
  TITLE = {Against ConjP},
  VOLUME = {115},
  NUMBER = {4}
}

@INCOLLECTION{haspelmath,
  AUTHOR = {Haspelmath, Martin},
  EDITOR = {Shopen, Timothy},
  PUBLISHER = {Cambridge University Press},
  BOOKTITLE = {Language typology and syntactic description},
  DATE = {2007},
  EDITION = {2nd},
  TITLE = {Coordination},
  VOLUME = {2}
}

@INPROCEEDINGS{Drellishak:Bender:05-removed,
  AUTHOR = {Drellishak, Scott and Bender, Emily M.},
  EDITOR = {Müller, Stefan},
  ADDRESS = {Stanford, CA},
  PUBLISHER = {CSLI Publications},
  URL = {http://cslipublications.stanford.edu/HPSG/6/},
  BOOKTITLE = {The Proceedings of the 12th International Conference on Head-Driven Phrase Structure Grammar, Department of Informatics, University of Lisbon},
  DATE = {2005},
  PAGES = {108--128},
  TITLE = {A Coordination Module for a Crosslinguistic Grammar Resource}
}

@ARTICLE{yngve,
  AUTHOR = {Yngve, Victor},
  DATE = {1960},
  JOURNALTITLE = {Proceedings of the American Philosophical Society},
  PAGES = {444--466},
  TITLE = {A model and an hypothesis for language structure},
  VOLUME = {104}
}


@INPROCEEDINGS{Yatabe:03,
  AUTHOR = {Yatabe, Shûichi},
  EDITOR = {Kim, Jong-Bok and Wechsler, Sephen},
  ORGANIZATION = {Kyung Hee University, Seoul},
  BOOKTITLE = {Proceedings of the 9th International Conference on Head-driven Phrase Structure Grammar},
  DATE = {2002},
  NOTE = {http://cslipublications.stanford.edu/HPSG/3/yatabe.pdf},
  PAGES = {391--411},
  TITLE = {A linearization-based theory of summative agreement in peripheral node-raising constructions},
  ADDRESS = {Stanford, CA}
}

@INPROCEEDINGS{berthold03,
  AUTHOR = {Crysmann, Berthold},
  EDITOR = {Jäger, Gerhard and Monachesi, Paola and Penn, Gerald and Wintner, Shuly},
  ORGANIZATION = {ESSLLI 2003, Vienna, Austria},
  BOOKTITLE = {Proceedings of Formal Grammar 2003},
  DATE = {2003},
  PAGES = {47--62},
  TITLE = {An Asymmetric Theory of Peripheral Sharing in \textsc{HPSG}}
}

@ARTICLE{Abeille:05,
  AUTHOR = {Abeillé, Anne},
  DATE = {2005},
  JOURNALTITLE = {Langages},
  KEYWORDS = {Abeille:05},
  PAGES = {42--66},
  TITLE = {Les syntagmes conjoints et leurs fonctions syntaxiques},
  VOLUME = {160}
}


@INPROCEEDINGS{Sag:03,
  AUTHOR = {Sag, Ivan A.},
  KEYWORDS = {Sag:03},
  PAGES = {267--291},
  crossref = {HPSG2002},
  TITLE = {Coordination and Underspecification}
}

@BOOK{Kayne:94-incomplete-removed,
  AUTHOR = {Kayne, Richard S.},
  LOCATION = {Cambridge, MA},
  PUBLISHER = {The MIT Press},
  DATE = {1994},
  TITLE = {The Antisymmetry of Syntax}
}

@BOOK{johann,
  AUTHOR = {Johannessen, Janne Bondi},
  PUBLISHER = {New York: Oxford University Press},
  DATE = {1998},
  TITLE = {Coordination}
}

@INPROCEEDINGS{Bender05-duplicate-removed,
  AUTHOR = {Drellishak, Scott and Bender, Emily M.},
  EDITOR = {Müller, Stefan},
  LOCATION = {Stanford, CA},
  PUBLISHER = {CSLI Publications},
  URL = {http://cslipublications.stanford.edu/HPSG/6/},
  BOOKTITLE = {The Proceedings of the 12th International Conference on Head-Driven Phrase Structure Grammar, Department of Informatics, University of Lisbon},
  DATE = {2005},
  PAGES = {108--128},
  TITLE = {A Coordination Module for a Crosslinguistic Grammar Resource}
}

@ARTICLE{Mouret:05-removed,
  AUTHOR = {Mouret, François},
  DATE = {2005},
  JOURNALTITLE = {Langages},
  PAGES = {67--92},
  TITLE = {La syntaxe des coordinations corrélatives du français},
  VOLUME = {160}
}


@INCOLLECTION{jfast-incomplete-removed,
  AUTHOR = {Fast, Jakub},
  EDITOR = {Blaho, Sylvia and Vicente, Luis and Schoorlemmer, Erik},
  BOOKTITLE = {Proceedings of {ConSOLE XIII}},
  DATE = {2005},
  TITLE = {Structurally Underspecified Semantics for Distributive Plural Predication -- {Respectively} Constructions in {Lexical Resource Semantics}}
}


@INPROCEEDINGS{Chaves:09,
  AUTHOR = {Chaves, Rui P.},
  crossref = {Mueller2009a-ed},
  PAGES = {47--67},
  TITLE = {Construction-based Cumulation and Adjunct Extraction}
}

@THESIS{sangheepark-removed,
  AUTHOR = {Park, Sang-Hee},
  INSTITUTION = {University of Buffalo},
  DATE = {2019},
  TITLE = {Gapping: {A} Constraint-Based Syntax-Semantics Interface},
  TYPE = {phdthesis},
}

@INPROCEEDINGS{Abeille:03-removed,
  AUTHOR = {Abeillé, Anne},
  crossref = {Mueller2003a-ed},
  PAGES = {5--25},
  TITLE = {A Lexicon- and Construction-Based Approach to Coordinations}
}

@THESIS{Mouret:07-removed,
  AUTHOR = {Mouret, François},
  INSTITUTION = {University Paris Diderot},
  DATE = {2007},
  KEYWORDS = {Mouret:07},
  TITLE = {{Grammaire des constructions coordonnées. Coordinations simples et coordinations à redoublement en français contemporain}},
  TYPE = {phdthesis}
}

@BOOK{Bilbiie:17-incomplete-removed,
  AUTHOR = {Bı̂lbı̂ie, Gabriela},
  LOCATION = {Berlin},
  PUBLISHER = {Language Science Press},
  DATE = {2017},
  KEYWORDS = {Bilbiie:17},
  SERIES = {Empirically Oriented Theoretical Morphology and Syntax},
  TITLE = {Grammaire des constructions elliptiques : une étude comparative des phrases sans verbe en roumain et en français}
}



@INCOLLECTION{Bilbiie:08-removed,
  AUTHOR = {Bîlbîie, Gabriela},
  EDITOR = {Müller, Stefan},
  LOCATION = {Stanford},
  PUBLISHER = {CSLI Publications},
  BOOKTITLE = {Proceedings of the 15th International Conference on HPSG},
  DATE = {2008},
  KEYWORDS = {Bilbiie:08},
  PAGES = {25--45},
  TITLE = {A Syntactic Account of Romanian Correlative Coordination from a Romance Perspective}
}

@ARTICLE{culijack-incomplete-removed,
  AUTHOR = {Culicover, Peter and Jackendoff, Ray},
  DATE = {1999},
  JOURNALTITLE = {Linguistic Inquiry},
  PAGES = {543--571},
  TITLE = {The view from the periphery: The {English} comparative correlative},
  VOLUME = {30}
}

@ARTICLE{dikken-wrong-removed,
  AUTHOR = {den Dikken, Marcel},
  DATE = {2006},
  JOURNALTITLE = {Natural Language and Linguistic Theory},
  NUMBER = {3},
  PAGES = {689--749},
  TITLE = {Either-float and the syntax of co-ordination},
  VOLUME = {24}
}

@INCOLLECTION{Abeille:06,
  AUTHOR = {Abeillé, Anne},
  EDITOR = {Bonami, Olivier and Cabredo Hofherr, Patricia},
  PUBLISHER = {Colloque de Syntax et S\'{e}mantique \`{a} Paris},
  BOOKTITLE = {Empirical Issues in Formal Syntax and Semantics},
  DATE = {2006},
  KEYWORDS = {Abeille:06},
  PAGES = {7--36},
  TITLE = {In Defense of Lexical Coordination}
}

@ARTICLE{Abeille:Borsley:08-removed,
  AUTHOR = {Abeillé, Anne and Borsley, Robert D.},
  DATE = {2008},
  JOURNALTITLE = {Lingua},
  PAGES = {1139--1157},
  TITLE = {Comparative correlatives and parameters},
  VOLUME = {118},
  NUMBER = {8}
}

@INPROCEEDINGS{Abeille:Borsley:Espinal:06-removed,
  AUTHOR = {Abeillé, Anne and Borsley, Robert D. and Espinal, Maria-Teresa},
  EDITOR = {Müller, Stefan},
  LOCATION = {Stanford, CA},
  PUBLISHER = {CSLI Publications},
  URL = {http://cslipublications.stanford.edu/HPSG/7/},
  BOOKTITLE = {The Proceedings of the 13th International Conference on Head-Driven Phrase Structure Grammar},
  DATE = {2006},
  PAGES = {6--26},
  TITLE = {The syntax of Comparative Correlatives in French and Spanish}
}

@INPROCEEDINGS{Borsley:11-wrong-removed,
  AUTHOR = {Borsley, Bob},
  EDITOR = {Bonami, O. and Hofherr, P. Cabredo},
  URL = {http://www.cssp.cnrs.fr/eiss8},
  BOOKTITLE = {Empirical Issues in Syntax and Semantics},
  DATE = {2011},
  PAGES = {7--20},
  TITLE = {Constructions, Functional Heads, and Comparative Correlatives},
  VOLUME = {8}
}

@INPROCEEDINGS{Bonami:2004,
  AUTHOR = {Bonami, Olivier and Boyé, Gilles and Tseng, Jesse},
  LOCATION = {Stanford, CA},
  PUBLISHER = {CSLI Publications},
  BOOKTITLE = {Proceedings of the 9th Conference on Formal Grammar},
  DATE = {2004},
  TITLE = {An integrated analysis of French liaison}
}


@INCOLLECTION{Borsley:04-duplicate,
  AUTHOR = {Borsley, Robert D.},
  EDITOR = {Müller, Stefan},
  ADDRESS = {Stanford, CA},
  PUBLISHER = {CSLI Publications},
  URL = {http://cslipublications.stanford.edu/HPSG/5/},
  BOOKTITLE = {Proceedings of the HPSG-2004 Conference, Center for Computational Linguistics, Katholieke Universiteit Leuven},
  DATE = {2004},
  PAGES = {70--92},
  TITLE = {An Approach to English Comparative Correlatives}
}

@INBOOK{rodney2-removed-duplicate-of-rodney,
  AUTHOR = {Huddleston, Rodney D. and Payne, John and Peterson, Peter},
  PUBLISHER = {Cambridge University Press},
  CHAPTER = {15: Coordination and supplementation},
  DATE = {2002},
  PAGES = {1273--1362},
  TITLE = {The Cambridge Grammar of the {English} Language}
}

@ARTICLE{SagEtAl20-removed,
  AUTHOR = {Sag, Ivan A. and Chaves, Rui P. and Abeillé, Anne and Estigarribia, Bruno and Flickinger, Dan and Kay, Paul and Michaelis, Laura A. and Müller, Stefan and Pullum, Geoffrey K. and Van Eynde, Frank and Wasow, Thomas},
  DATE = {2020},
  JOURNALTITLE = {Journal of Linguistics},
  NUMBER = {1},
  PAGES = {87--155},
  TITLE = {Lessons from the {English} Auxiliary System},
  VOLUME = {56}
}

@MISC{grano-removed,
  AUTHOR = {Grano, Thomas},
  DATE = {2006},
  HOWPUBLISHED = {Honors Thesis. Honors Program Stanford University, School of Humanities and Sciences},
  TITLE = {``Me and her'' meets ``he and {I}'': {Case}, person, and linear ordering in {English} coordinated pronouns}
}

@BOOK{wechsler-incomplete-removed,
  AUTHOR = {Wechsler, Stephen and Zlatic, Larisa},
  PUBLISHER = {CSLI Lecture Notes},
  DATE = {2003},
  TITLE = {The Many Faces of Agreement: Morphology, Syntax, Semantics, and Discourse Factors in Serbo-Croatian Agreement}
}


@BOOK{Corbet91-incomplete-removed,
  AUTHOR = {Corbett, Greville},
  PUBLISHER = {Cambridge University Press},
  ADDRESS = {Cambridge}, 
  DATE = {1991},
  TITLE = {Gender}
}

@INPROCEEDINGS{Villavicencio:Sadler:ea:05-removed-capitalization,
  AUTHOR = {Villavicencio, Aline and Sadler, Louisa and Arnold, Doug},
  EDITOR = {Müller, Stefan},
  LOCATION = {Stanford, CA},
  PUBLISHER = {CSLI Publications},
  URL = {http://cslipublications.stanford.edu/HPSG/6/},
  BOOKTITLE = {The Proceedings of the 12th International Conference on Head-Driven Phrase Structure Grammar, Department of Informatics, University of Lisbon},
  DATE = {2005},
  PAGES = {427--447},
  TITLE = {An {HPSG} Account of Closest Conjunct Agreement in {NP} Coordination in {Portuguese}}
}

@INPROCEEDINGS{Aguila:Crysmann:18,
  AUTHOR = {Gabriel, Aguila-Multner and Crysmann, Berthold},
  EDITOR = {Foret, Annie and Kobele, Greg and Pogodalla, Sylvain},
  BOOKTITLE = {Formal Grammar},
  DATE = {2018},
  PAGES = {1--15},
  TITLE = {Feature Resolution by List: {The} Case of {French} Coordination}
}

@INPROCEEDINGS{An:Abeille:17-removed,
  AUTHOR = {An, Aixiu and Abeillé, Anne},
  crossref = {Mueller2017a-ed},
  PAGES = {26--43},
  TITLE = {Agreement and Interpretation of Binominals in {French}}
}

@ARTICLE{Abeille:An:Shiraishi:18-incomplete-removed,
  AUTHOR = {Abeillé, Anne and An, Aixiu and Shiraishi, Aoi},
  DATE = {2018},
  JOURNALTITLE = {Discours},
  KEYWORDS = {Abeille:Aixiu:Shiraishi:18},
  TITLE = {L'accord de proximité dans le groupe nominal en français},
  VOLUME = {22}
}

@ARTICLE{Borsley:2009-duplicate,
  AUTHOR = {Borsley, Robert D.},
  PUBLISHER = {Springer},
  DATE = {2009},
  JOURNALTITLE = {Natural Language and Linguistic Theory},
  NUMBER = {2},
  PAGES = {225--265},
  TITLE = {On the superficiality of {W}elsh agreement},
  VOLUME = {27}
}

@ARTICLE{Sadler:Arnold:94,
  AUTHOR = {Sadler, Louisa and Arnold, Doug},
  DATE = {1994},
  JOURNALTITLE = {Journal of Linguistics},
  NUMBER = {1},
  PAGES = {187--226},
  TITLE = {Prenominal adjectives and the phrasal/lexical distinction},
  VOLUME = {30}
}

@ARTICLE{Abeille:Godard:99,
  AUTHOR = {Abeillé, Anne and Godard, Danièle},
  DATE = {1999},
  JOURNALTITLE = {Recherches Linguistiques},
  KEYWORDS = {Abeille:Godard:99},
  PAGES = {9--31},
  TITLE = {La place de l'adjectif épithète en français : le poids des mots},
  VOLUME = {28}
}

@ARTICLE{bruening-incomplete-removed,
  AUTHOR = {Bruening, Benjamin},
  DATE = {2018},
  JOURNALTITLE = {Language},
  PAGES = {1--42},
  TITLE = {The Lexicalist Hypothesis: Both Wrong and Superfluous},
  VOLUME = {49}
}

@BOOK{hpsg1-incomplete-removed,
  AUTHOR = {Pollard, Carl and Sag, Ivan A.},
  PUBLISHER = {CSLI Lecture Notes No.13. Stanford: CSLI Publications},
  DATE = {1987},
  TITLE = {Information-Based Syntax and Semantics; Volume One -- Fundamentals}
}

@INPROCEEDINGS{Bosque:86-wrong-removed,
  AUTHOR = {Bosque, Ignacio},
  BOOKTITLE = {Lingüistica Española Actual},
  DATE = {1986},
  PAGES = {83--100},
  TITLE = {Constricciones morfologicas sobre la coordinacion},
  VOLUME = {9},
  NUMBER = {1}
}

@INCOLLECTION{Abeille:Godard:2000,
  AUTHOR = {Abeillé, Anne and Godard, Danièle},
  EDITOR = {Borsley, Robert D.},
  LOCATION = {New York},
  PUBLISHER = {Academic Press},
  BOOKTITLE = {The Nature and Function of Syntactic categories, Syntax and semantics},
  DATE = {2000},
  PAGES = {325--360},
  TITLE = {French word order and lexical weight}
}

@INPROCEEDINGS{Abeille:Godard:2004,
  AUTHOR = {Abeillé, Anne and Godard, Danièle},
  BOOKTITLE = {Bulletin de la Société de Linguistique de Paris, XCIX},
  DATE = {2004},
  PAGES = {69--106},
  TITLE = {De la légèreté en syntaxe}
}


@ARTICLE{bayer-removed,
  AUTHOR = {Bayer, Samuel},
  DATE = {1996},
  JOURNALTITLE = {Language},
  PAGES = {579--616},
  TITLE = {The coordination of unlike categories},
  VOLUME = {72},
  NUMBER = {3}
}

@ARTICLE{jacobson,
  AUTHOR = {Jacobson, Pauline},
  DATE = {1987},
  JOURNALTITLE = {Linguistics and Philosophy},
  PAGES = {389--426},
  TITLE = {{Review of Gerald Gazdar, Ewan Klein, Geoffrey K. Pullum, and Ivan A. Sag, 1985: \emph{Generalized Phrase Structure Grammar}}},
  VOLUME = {10}
}

@INCOLLECTION{morrill90,
  AUTHOR = {Morrill, Glynn},
  EDITOR = {Stokhof, M. and Torenvliet, L.},
  PUBLISHER = {Institute for Logic, Language and Information},
  BOOKTITLE = {Proceedings of the Seventh Amsterdam Colloquium},
  DATE = {1990},
  ADDRESS = {Amsterdam},
  TITLE = {Grammar and logical types}
}

@BOOK{morrill94,
  AUTHOR = {Morrill, Glynn},
  PUBLISHER = {Dordrecht: Kluwer},
  DATE = {1994},
  TITLE = {Type Logical Grammar}
}

@INPROCEEDINGS{Daniels02-removed,
  AUTHOR = {Daniels, Michael W.},
  EDITOR = {Eynde, Frank Van and Hellan, Lars and Beermann, Dorothee},
  BOOKTITLE = {8th International Conference on Head-Driven Phrase Structure Grammar},
  DATE = {2002},
  PAGES = {137--147},
  address = {Stanford, CA},
  publisher = {CSLI Publications},
  TITLE = {On a Type-Based Analysis of Feature Neutrality and the Coordination of Unlikes},
}

@INPROCEEDINGS{Yatabe:04,
  AUTHOR = {Yatabe, Shûichi},
  crossref = {Mueller2004a-ed},
  PAGES = {335--355},
  TITLE = {A Comprehensive Theory of Coordination of Unlikes},
}

@INPROCEEDINGS{sag-same-as-Sag:03-removed,
  AUTHOR = {Sag, Ivan A.},
  PAGES = {267--291},
  crossref = {HPSG2002},
  TITLE = {Coordination and Underspecification},
}

@INCOLLECTION{bookivan-incomplete-removed,
  AUTHOR = {Chaves, Rui P.},
  EDITOR = {Hofmeister, Philip and Norcliffe, Elisabeth},
  PUBLISHER = {CSLI Publications},
  BOOKTITLE = {The Core and the Periphery: data-driven perspectives on syntax inspired by Ivan A. Sag},
  DATE = {2013},
  PAGES = {167--220},
  TITLE = {Grammatical alignments and the gradience of lexical categories},
}

@INPROCEEDINGS{berthold0,
  AUTHOR = {Crysmann, Berthold},
  EDITOR = {Gerlach, B. and Grijzenhout, J.},
  ORGANIZATION = {\textit{Linguistic Aktuel/ Linguistics Today}},
  PUBLISHER = {John Benjamins},
  BOOKTITLE = {Clitics in Phonology, Morphology and Syntax},
  DATE = {2000},
  PAGES = {121--159},
  TITLE = {Clitics and Coordination in Linear Structure},
  VOLUME = {36},
}

@INPROCEEDINGS{yatabe,
  AUTHOR = {Yatabe, Shûichi},
  crossref = {HPSG2002},
  PAGES = {391--411},
  TITLE = {A linearization-based theory of summative agreement in peripheral node-raising constructions},
}

@INCOLLECTION{chaves06-removed,
  AUTHOR = {Chaves, Rui P.},
  crossref = {Mueller2006a-ed},
  PAGES = {102--122},
  TITLE = {Coordination of Unlikes without Unlike Categories},
}

@BOOK{hudson84-incomplete-removed,
  AUTHOR = {Hudson, Richard},
  PUBLISHER = {Blackwell},
  DATE = {1984},
  TITLE = {Word Grammar},
}

@UNPUBLISHED{levine11-incomplete-remove-duplicate,
  AUTHOR = {Levine, Robert D.},
  DATE = {2011},
  NOTE = {Presented at the 18th International Conference on Head-driven Phrase Structure Grammar},
  LOCATION = {Stanford},
  PUBLISHER = {CSLI Publications},
  TITLE = {Linearization and its discontents},
}

@INPROCEEDINGS{yatabe12,
  AUTHOR = {Yatabe, Shûichi},
  crossref = {Mueller2012a-ed},
  PAGES = {454--474},
  TITLE = {Comparison of the Ellipsis-Based Theory of Non-Constituent Coordination with its Alternatives},
}

@INPROCEEDINGS{yatabe01,
  AUTHOR = {Yatabe, Shûichi},
  EDITOR = {Flickinger, Dan and Kathol, Andreas},
  crossref = {FK2001a-ed},
  PAGES = {325--344},
  TITLE = {The syntax and semantics of left-node raising in {Japanese}},
}

@INCOLLECTION{Crysmann:04,
  AUTHOR = {Crysmann, Berthold},
  crossref = {Mueller2004a-ed},
  PAGES = {378--392},
  TITLE = {Underspecification of Intersective Modifier Attachment: {Some} Arguments from {German}},
}

@INPROCEEDINGS{mouret-double-wrong-title,
  AUTHOR = {Mouret, Francois},
  crossref = {Mueller2006a-ed},
  PAGES = {101--107},
  TITLE = {A phrase structure approach to argument cluster coordination in {French}},
}

@ARTICLE{chaveslp-removed,
  AUTHOR = {Chaves, Rui P.},
  DATE = {2008},
  JOURNALTITLE = {Linguistics and Philosophy},
  NUMBER = {3},
  PAGES = {261--307},
  TITLE = {Linearization-based Word-Part Ellipsis},
  VOLUME = {31},
}

@ARTICLE{Abeille:Godard:1996,
  AUTHOR = {Abeillé, Anne and Godard, Danièle},
  DATE = {1996},
  JOURNALTITLE = {Langages},
  PAGES = {32--61},
  TITLE = {La complémentation des auxiliaires en français},
  VOLUME = {122},
}

@INPROCEEDINGS{Mouret:06-removed,
  AUTHOR = {Mouret, François},
  crossref = {Mueller2006a-ed},
  PAGES = {247--267},
  TITLE = {A Phrase Structure Approach to Argument Cluster Coordination},
}

@ARTICLE{bresnan74,
  AUTHOR = {Bresnan, Joan},
  DATE = {1974},
  JOURNALTITLE = {Linguistic Inquiry},
  PAGES = {614--619},
  TITLE = {On the position of certain clause-particles in phrase structure},
  VOLUME = {5},
}

@BOOK{wexlercull,
  AUTHOR = {Wexler, Kenneth and Culicover, Peter},
  PUBLISHER = {MIT Press},
  ADDRESS = {Cambridge, MA},
  DATE = {1980},
  TITLE = {Formal Principles of Language Acquisition},
}


@ARTICLE{mccawley,
  AUTHOR = {McCawley, James D.},
  DATE = {1982},
  JOURNALTITLE = {Linguistic Inquiry},
  PAGES = {91--106},
  TITLE = {Parentheticals and discontinuous constituent structure},
  VOLUME = {13},
}

@ARTICLE{steedman85-incomplete-removed,
  AUTHOR = {Steedman, Mark},
  DATE = {1985},
  JOURNALTITLE = {Language},
  PAGES = {523--568},
  TITLE = {Dependency and coordination in Dutch and English},
  VOLUME = {61},
}

@ARTICLE{gapsteed-incomplete-removed,
  AUTHOR = {Steedman, Mark},
  DATE = {1990},
  JOURNALTITLE = {Linguistics and Philosophy},
  PAGES = {207--264},
  TITLE = {Gapping as Constituent Coordination},
  VOLUME = {13},
}

@BOOK{steedmanbook,
  AUTHOR = {Steedman, Mark},
  PUBLISHER = {MIT Press},
  ADDRESS = {Cambridge, MA},
  DATE = {2001},
  TITLE = {The Syntactic Process},
}

@INCOLLECTION{dowty88,
  AUTHOR = {Dowty, David R.},
  EDITOR = {Richard Oehrle, Emmon Bach and Wheeler, Dierdre},
  PUBLISHER = {Dordrecht: Kluwer Academic Publishers},
  BOOKTITLE = {Categorial Grammars and Natural Language Structures},
  DATE = {1988},
  PAGES = {153--198},
  TITLE = {Type-raising, Functional Composition, and Nonconstituent Coordination},
}

@THESIS{phil,
  AUTHOR = {Phillips, Colin},
  INSTITUTION = {Massachusetts Institute of Technology. Distributed by MIT Working Papers in Linguistics},
  DATE = {1996},
  TITLE = {Order and Structure},
  TYPE = {PhD. dissertation},
}

@ARTICLE{aoi-wrong-volume-number-removed,
  AUTHOR = {Shiraïshi, Aoi and Abeillé, Anne and Hemforth, Barbara and Miller, Philip},
  DATE = {2019},
  JOURNALTITLE = {Glossa},
  TITLE = {Verbal mismatch in Right-Node Raising},
  volume = {1},
 number = {4},
 pages = {1--26}
}

@UNPUBLISHED{swingle,
  AUTHOR = {Swingle, Kari},
  DATE = {1995},
  NOTE = {Ms. UCSC, Santa Cruz, CA.},
  TITLE = {The role of prosody in Right Node Raising},
}

@INPROCEEDINGS{zaenenkart,
  AUTHOR = {Zaenen, Annie and Karttunen, Lauri},
  BOOKTITLE = {ESCOL 83},
  DATE = {1984},
  PAGES = {309--320},
  TITLE = {Morphological Non-Distinctness and Coordination},
}

@INPROCEEDINGS{Milward94-incomplete-wrong-removed,
  AUTHOR = {Milward, David},
  PUBLISHER = {Kyoto, Japan},
  BOOKTITLE = {Proceedings of COLING 94},
  DATE = {1994},
  PAGES = {935--941},
  TITLE = {Non-constituent coordination: Theory and practice},
}

@THESIS{buitelaar1998corelex-removed,
  AUTHOR = {Buitelaar, Paul},
  INSTITUTION = {Brandeis University},
  DATE = {1998},
  TITLE = {CoreLex: systematic polysemy and underspecification},
  TYPE = {Ph.D. dissertation},
}


@ARTICLE{artstein5,
  AUTHOR = {Artstein, Ron},
  DATE = {2005},
  JOURNALTITLE = {Lingua},
  NUMBER = {4},
  PAGES = {359--393},
  TITLE = {Coordination of parts of words},
  VOLUME = {115},
}

@ARTICLE{hudson-removed,
  AUTHOR = {Hudson, Richard},
  DATE = {1976},
  JOURNALTITLE = {Language},
  PAGES = {535--562},
  TITLE = {Conjunction reduction, gapping, and right-node-raising},
  VOLUME = {52},
}

@ARTICLE{williams-incomplete-removed,
  AUTHOR = {Williams, Edwin},
  DATE = {1990},
  JOURNALTITLE = {The Linguistic Review},
  PAGES = {265--279},
  TITLE = {The {ATB}-Theory of Parasitic Gaps},
  VOLUME = {6},
}

@ARTICLE{postal94-removed,
  AUTHOR = {Postal, Paul M.},
  DATE = {1994},
  JOURNALTITLE = {Linguistic Inquiry},
  PAGES = {63--117},
  TITLE = {Parasitic and pseudoparasitic gaps},
  VOLUME = {25},
}

@INCOLLECTION{Abeille:Blbie:Mouret:14,
  AUTHOR = {Abeillé, Anne and Bı̂lbı̂ie, Gabriela and Mouret, François},
  EDITOR = {Boas, Hans C. and Gonzálvez-Garcı́a, Francisco},
  LOCATION = {Amsterdam},
  PUBLISHER = {John Benjamins},
  BOOKTITLE = {Romance in {Construction Grammar}},
  DATE = {2014},
  KEYWORDS = {Abeille:Blbie:Mouret:14},
  PAGES = {227--267},
  TITLE = {{A} {Romance} Perspective on Gapping Constructions},
}

@InProceedings{	  Alqurashi:Borsley:14,
  author	= {Alqurashi, Abdulrahman A. and Borsley, Robert D.},
  title		= {The Comparative Correlative Construction in {Modern Standard Arabic}},
  url		= {http://cslipublications.stanford.edu/HPSG/2014/alqurashi-borsley.pdf},
  pages		= {6--26},
  crossref      = {Mueller2014a-ed}
}


@InCollection{roberts96,
  author =      "Craige Roberts",
  title =       {Information Structure in Discourse},
  booktitle =   {Ohio Working Papers in Semantics},
  address =     "Columbus",
  publisher =   "Ohio State University",
  year =        "1996"
}

@book(binomial-removed-incomplete,
author = {Arne Lohmann},
year = {2014},
title = {English Coordinate Constructions: a processing perspective on constituent order},
publisher = {Cambridge University Press},
address = {Cambridge})

@incollection{Abeille06-removed,
 author = {Anne Abeill{\'{e}} and Olivier Bonami and Dani{\`{e}}le Godard and Jesse Tseng},
 year = {2006},
 title = {The syntax of {French} \emph{\`{a}} and \emph{de}: {An} {HPSG} Analysis},
 editor = {Patrick Saint-Dizier},
 booktitle = {Syntax and Semantics of Prepositions},
 pages = {147--162},
series = {Text, Speech and Language Technology},
number = 29,
address= {Dordrecht},
publisher = {Springer}}

@article(hof-removed,
    author = {Philip Hofmeister},
    title = {A Linearization Account of \emph{either} \ldots{} \emph{or} Constructions},
    year = 2010,
  journal = {Natural Language and Linguistic Theory},
   volume = {28},
  number = {2},
   pages = {275--314})

@incollection(Moosally-removed,
author = {Michelle J. Moosally},
year = {1999},
title = {Subject and Object Coordination in {Ndebele}: {An} {HPSG} Analysis},
editor = {Sonya Bird and Andrew Carnie and Jason D. Haugen and Peter Norquest},
booktitle = {Proceedings of the {WCCFL 18 Conference}},
publisher = {Cascadilla Press},
address = {Somerville, MA.})
