% Encoding: UTF-8

@inproceedings{Yatabe2001,
	Author = {Yatabe, Shûichi},
	Title = {The Syntax and Semantics of Left-Node Raising in {Japanese}},
        crossref = {FK2001a-ed},
	Pages = {325--344},
}

@inproceedings{Yatabe2012,
	Author    = {Yatabe, Shûichi},
	Title     = {Comparison of the Ellipsis-Based Theory of Non-Constituent Coordination with its Alternatives},
	Pages     = {454--474},
        Crossref = {Mueller2012a-ed},
}

@inproceedings{KimSag2005-fixed-removed,
	author={Kim, Jong-Bok and Sag, Ivan A.},
	title={English Object Extraposition: {A} Constraint-Based Approach},
        crossref = {Mueller2005a-ed},
}

@article{Alshaalan2020,
Author = {Alshaalan, Yara and Abels, Klaus},
	Title = {Resumption as a sluicing source in Saudi Arabic: Evidence from sluicing with prepositional phrases},
	Journal = {Glossa: a journal of general linguistics},
	Volume = {5},
	Pages = {8.1--36},
	Year = {2020}
 }
@incollection{Abeille2014,
	author = {Abeill{\'e}, Anne and B{\^i}lb{\^i}ie, Gabriela and Mouret, Fran\c{c}ois},
	year = {2014},
	title = {A {Romance} Perspective on Gapping Constructions},
	editor = {Boas, Hans and Gonz{\'a}lvez-Garc{\'i}a, Francisco},
	booktitle = {Romance Perspectives on Construction Grammar},
	pages = {227--267},
	address = {Amsterdam},
	publisher = Benjamins,
	DOI = {10.1075/cal.15}
}

@article{Abeille2016,
	Author = {Abeill{\'e}, Anne and Crysmann, Berthold and Shira\"{i}shi, Aoi},
	Title = {Syntactic Mismatch in {French} Peripheral Ellipsis},
	Journal = {Empirical Issues in Syntax and Semantics},
	Editor = {Pi{\~n}{\'o}n, Christopher},
	Volume = {11},
	Publisher = {CSSP},
	Address = {Paris},
	Pages = {1--30},
	Year = {2016}
}

@article{Abeille2019,
	Author = {Abeill{\'e}, Anne and Hassamal, Shrita},
	Title = {Sluicing in {Mauritian}: {A} Fragment Analysis},
	Journal = {Empirical Issues in Syntax and Semantics},
	Editor = {Pi{\~n}{\'o}n, Christopher},
	Volume = {12},
	Publisher = {CSSP},
	Address = {Paris},
	Pages = {1--30},
	Year = {2019}
}

@article{Shiraishi2019,
Author = {Shiraishi, Aoi and Abeill{\'e}, Anne and Hemforth, Barbara and Miller, Philip},
	Title = {Verbal mismatch in Right-Node Raising},
	Journal = {Glossa},
	Volume = {4},
	Pages = {114.1--26},
	DOI = {10.5334/gjgl.843},
	Year = {2019}
}


@incollection{Abels2017,
	Author = {Abels, Klaus},
	Title = {On the Interaction of {P-stranding} and Sluicing in {Bulgarian}},
	BookTitle = {Aspects of {Slavic} linguistics: {Formal} grammar, lexicon and communication},
	Editor = {Mueller-Reichau, Olav and Guhl, Marcel},
	Series = {Language, Context and Cognition},
	Number = {16},
	Publisher = {De Gruyter Mouton},
	Address = {Berlin},
	Pages = {1--28},
	DOI = {10.1515/9783110517873-002},
	Year = {2017}
}

@article{Aelbrecht2015,
	Author = {Aelbrecht, Lobke and Harwood, William},
	Title = {To be or not to be elided: {VP} ellipsis revisited},
	Journal = {Lingua},
	Volume = {153},
	Pages = {66--97},
	DOI = {10.1016/j.lingua.2014.10.006},
	Year = {2015}
}

@article{Arregui2006,
	Author = {Arregui, Ana and Clifton, Charles Jr. and Frazier, Lyn and Moulton, Keir},
	Title = {Processing Elided Verb Phrases with Flawed Antecedents: {The} Recycling Hypothesis},
	Journal = {Journal of Memory and Language},
	Volume = {55},
	Number = {2},
	Pages = {232--246},
	DOI = {10.1016/j.jml.2006.02.005},
	Year = {2006}
}

@article{Barton1998,
	Author = {Barton, Ellen},
	Title = {The Grammar of Telegraphic Structures: {Sentential} and Nonsentential Derivation},
	Journal = {Journal of English Linguistics},
	Volume = {26},
	Number = {1},
	Pages = {37--67},
	DOI = {10.1177/007542429802600103},
	Year = {1998}
}

@article{Beecher2008,
	Author = {Beecher, Henry},
	Title = {Pragmatic Inference in the Interpretation of Sluiced Prepositional Phrases},
	Journal = {San Diego Linguistics Papers},
	Volume = {3},
	Pages = {2--10},
	Year = {2008}
}

@book{Bresnan1982a,
	Author = {Bresnan, Joan},
	Title = {The Mental Representation of Grammatical Relations},
	Publisher = {MIT Press},
	Address = {Cambridge, MA},
	Year = {1982}
}

@article{Chaves2008-in-lexicon,
	Author = {Chaves, Rui P.},
	Title = {Linearization-based word-part ellipsis},
	Journal = {Linguistics and Philosophy},
	Volume = {31},
	Number = {3},
	Pages = {261--307},
	DOI = {10.1007/s10988-008-9040-3},
	Year = {2008}
}

@InProceedings{Chaves2009,
  author    = {Chaves, Rui P.},
  booktitle = {Proceedings of {FG-MoL} 2005},
  title     = {A Linearization-based Approach to Gapping},
  year      = {2009},
  address   = {Stanford, CA},
  editor    = {James Rogers},
  pages     = {205--218},
  publisher = {CSLI Publications},
}

@article{Chaves2014-duplicate-removed,
	Author = {Chaves, Rui P.},
	Title = {On the Disunity of Right-node Raising Phenomena},
	Journal = {Language},
	Volume = {90},
	Number = {4},
	Pages = {834--886},
	Year = {2014}
}

@article{Chung1995,
	Author = {Chung, Sandra and Ladusaw, William A. and McCloskey, James},
	Title = {Sluicing and Logical Form},
	Journal = {Natural Language Semantics},
	Volume = {3},
	Number = {3},
	Pages = {239--282},
	DOI = {10.1007/BF01248819},
	Year = {1995}
}

@inproceedings{Crysmann2003,
	Author = {Crysmann, Berthold},
	Title = {An Asymmetric Theory of Peripheral Sharing in {HPSG}: {Conjunction} Reduction and Coordination of Unlikes},
	BookTitle = {Proceedings of {FGVienna: The 8th Conference on Formal Grammar}},
	Editor = {Penn, Gerald},
	Address= {Stanford, CA},
	Publisher = {CSLI Publications},
	Pages = {45--64},
	Year = {2003}
}

@book{Culicover2005-removed,
  title     = {Simpler Syntax},
  publisher = {Oxford University Press},
  year      = {2005},
  author    = {Culicover, Peter W. and Jackendoff, Ray S.},
  address   = {Oxford},
  doi       = {10.1093/acprof:oso/9780199271092.001.0001},
}

@phdthesis{Fernandez2006,
	Author= {Fern\'{a}ndez Rovira, Raquel},
	Title = {Non-Sentential Utterances in Dialogue: {Classification}, Resolution and Use},
	School = {Department of Computer Science, King's College},
	Address = {London},
	Year = {2006}
}

@article{Fernandez2002,
	Author = {Fern\'{a}ndez, Raquel and Ginzburg, Jonathan},
	Title = {Non-sentential utterances: {A} corpus study},
	Journal = {Traitement Automatique des Langues},
	Volume = {43},
	Number = {2 Dialogue: aspects linguistiques du traitement automatique du dialogue},
	Editor = {Gardent, Claire and Pierrel, Jean-Marie},
	Pages = {13--42},
	Year = {2002}
}

@article{Fernandez2007,
	Author = {Fern\'{a}ndez, Raquel and Ginzburg, Jonathan and Lappin, Shalom},
	Title = {Classifying Ellipsis in Dialogue: {A} Machine Learning Approach},
	Journal = {Computational Linguistics},
	Volume = {33},
	Number = {3},
	Pages = {397--427},
	DOI = {10.3115/1220355.1220390},
	Year = {2007}
}

@phdthesis{Fortin2007,
	Author= {Fortin, Catherine},
	Title = {Indonesian Sluicing and Verb Phrase Ellipsis: {Description} and Explanation in a {Minimalist} Framework},
	School = {University of Michigan},
	Address = {Ann Arbor, MI},
	Year = {2007}
}

@inproceedings{Ginzburg1994,
  author    = {Ginzburg, Jonathan},
  title     = {An {Update Semantics} for Dialogue},
  booktitle = {Proceedings of the {1st International Workshop on Computational Semantics}},
  year      = {1994},
  editor    = {Bunt, Harry and Muskens, Reinhard and Rentier, Gerrit},
  pages     = {235--255},
  address   = {Tilburg},
  publisher = {ITK, Tilburg University},
}

@book{Ginzburg2012,
  title     = {The Interactive Stance: {Meaning} for Conversation},
  publisher = {Oxford University Press},
  year      = {2012},
  author    = {Ginzburg, Jonathan},
  address   = {Oxford},
}

@inproceedings{Ginzburg2013,
	author={Ginzburg, Jonathan},
	title={Rethinking Deep and Surface: {Towards} a Comprehensive Model of Anaphoric Processes in Dialogue},
	booktitle={Structure and Evidence in Linguistics},
	year={2013},
	organization={Stanford University},
	address={Stanford}
}

@article{Ginzburg2004,
	Author = {Ginzburg, Jonathan and Cooper, Robin},
	Title = {Clarification, Ellipsis, and the Nature of Contextual Updates in Dialogue},
	Journal = {Linguistics and Philosophy},
	Volume = {27},
	Number = {3},
	Pages = {297--365},
	DOI = {10.1023/B:LING.0000023369.19306.90},
	Year = {2004}
}

@article{Ginzburg2014a,
	Author = {Ginzburg, Jonathan and Cooper, Robin},
	Title = {Quotation via Dialogical Interaction},
	Journal = {Journal of Logic, Language and Information},
	Volume = {23},
	Number = {3},
	Pages = {287--311},
	DOI = {10.1007/s10849-014-9200-5},
	Year = {2014}
}

@incollection{Ginzburg2010,
	title={Computational Models of Dialogue},
	author={Ginzburg, Jonathan and Fern{\'a}ndez, Raquel},
	journal={The Handbook of Computational Linguistics and Natural Language Processing},
	editor={Clark, Alexander and Fox, Chris and Lappin, Shalom},
	series={Blackwell Handbooks in Linguistics},
	volume={28},
	pages={429--481},
	address={Oxford},
	publisher={Wiley-Blackwell},
	year={2010},
}

@article{Ginzburg2014b,
	TITLE = {Disfluencies as intra-utterance dialogue moves},
	AUTHOR = {Ginzburg, Jonathan and Fern{\'a}ndez, Raquel M. and David, Schlangen},
	JOURNAL = {Semantics and Pragmatics},
	PUBLISHER = {Linguistic Society of America},
	VOLUME = {7},
	NUMBER = {9},
	PAGES = {1--64},
	YEAR = {2014},
	DOI = {10.3765/sp.7.9},
}

@book{Ginzburg2000-removed,
	Author = {Ginzburg, Jonathan and Sag, Ivan A.},
	Title = {Interrogative Investigations: the form, meaning and use of {English} Interrogatives},
	Publisher = {CSLI Publications},
	Address = {Stanford, CA},
	Series = {CSLI Lecture Notes},
	Number = {123},
	Year = {2000}
}

@incollection{Ginzburg2018,
	Author = {Ginzburg, Jonathan and Miller, Philip},
	Title = {Ellipsis in {Head-Driven Phrase Structure Grammar}},
	BookTitle = {The Oxford Handbook of Ellipsis},
	Editor = {van Creanen, Jeroen and Temmerman, Tanja},
	Series = {Oxford Handbooks in Linguistics},
	Number = {15},
	Publisher = {Oxford University Press},
	Address = {Oxford},
	Pages = {75--121},
	DOI = {10.1093/oxfordhb/9780198712398.001.0001},
	Year = {2018}
}

@article{Grant2012,
	author = {Margaret Grant and Charles Clifton and Lyn Frazier},
	title = {The Role of Non-Actuality Implicatures in Processing Elided Constituents},
	journal = {Journal of Memory and Language},
	volume = {66},
	number = {1},
	pages = {326--343},
	doi = {10.1016/j.jml.2011.09.003},
	year = {2012},
}

@article{Griffiths2014,
	author = {Griffiths, James and Lipták, Anikó},
	title = {Contrast and Island Sensitivity in Clausal Ellipsis},
	journal = {Syntax},
	volume = {17},
	number = {3},
	pages = {189--234},
	doi = {10.1111/synt.12018},
	year = {2014}
}

@phdthesis{Hankamer1971,
	Author= {Hankamer, Jorge},
	Title = {Constraints on deletion in syntax},
	School = {Yale University},
	Year = {1971}
}


@article{Hankamer1976,
	author = {Hankamer, Jorge  and Sag, Ivan A.},
	title = {Deep and Surface Anaphora},
	journal = {Linguistic Inquiry},
	number = {3},
	volume = {7},
	pages = {391--428},
	publisher = {The MIT Press},
	year = {1976}
}

@phdthesis{Hardt1993,
	Author= {Hardt, Daniel},
	Title = {Verb Phrase Ellipsis: Form, Meaning, and Processing},
	School = {University of Pennsylvania},
	Address = {Philadelphia, PA},
	Note= {Distributed as IRCS Report 93 (23)},
	Year = {1993}
}

@article{Jacobson2016-jb-removed-duplicate,
  author  = {Jacobson, Pauline},
  title   = {The short answer: Implications for direct compositionality (and vice versa)},
  journal = {Language},
  year    = {2016},
  volume  = {92},
  number  = {2},
  pages   = {331--375},
  doi     = {10.1353/lan.2016.0038},
}

@book{Kehler2002,
	Author = {Kehler, Andrew},
	Title = {Coherence, Reference, and the Theory of Grammar},
	Publisher = {CSLI Publications},
	Address = {Stanford, CA},
	Year = {2002}
}

@article{Kim2011,
	author = {Kim, Christina S. and Kobele, Gregory M. and Runner, Jeffrey T. and Hale, John T.},
	title = {The Acceptability Cline in {VP} Ellipsis},
	journal = {Syntax},
	volume = {14},
	number = {4},
	pages = {318--354},
	doi = {10.1111/j.1467-9612.2011.00160.x},
	year = {2011}
}

@article{Kim2018,
	Author = {Kim, Christina S. and Runner, Jeffrey T.},
	Title = {The division of labor in explanations of verb phrase ellipsis},
	Journal = {Linguistics and Philosophy},
	Volume = {41},
	Number = {1},
	Pages = {41--85},
	DOI = {10.1007/s10988-017-9220-0},
	Year = {2018}
}

@incollection{Kay2012,
	Author = {Kay, Paul and Sag, Ivan A.},
	Title = {Cleaning up the big mess: Discontinuous dependencies and complex determiners},
	BookTitle = {Sign-based construction grammar},
	Editor = {Sag, Ivan A. and Boas, Hans C.},
	Publisher = {CSLI Publications},
	Address = {Stanford, CA},
	Pages = {229--256},
	Year = {2012}
}


@article{Kim2006,
	Author = {Kim, Jong-Bok},
	Title = {Similarities and Differences between {English} {VP} Ellipsis and VP Fronting: {An} {HPSG} Analysis},
	Journal = {Studies in Generative Grammar},
	Volume = {13},
	Number = {3},
	Pages = {429--460},
	Year = {2006}
}

@article{Kim2015,
	title = {Syntactic and semantic identity in {Korean} sluicing: {A} direct interpretation approach},
	journal = {Lingua},
	volume = {166},
	number = {B},
	pages = {260--293},
	year = {2015},
	doi = {10.1016/j.lingua.2015.08.005},
	author = {Kim, Jong-Bok}
}

@book{Kim2016,
	Author = {Kim, Jong-Bok},
	Title = {The syntactic structures of {Korean}: {A} construction-based perspective},
	Publisher = {Cambridge University Press},
	Address = {Cambridge},
	Year = {2016}
}

@phdthesis{Larsson2002,
	Author= {Larsson, Steffan},
	Title = {Issue based Dialogue Management},
	School = {Department of linguistics, Göteborg University},
	Address = {Göteborg},
	Year = {2002}
}

@article{Lee2016,
	author={Lee, Hanjung},
	title={Usage probability and subject–object asymmetries in {Korean} case ellipsis: {Experiments} with subject case ellipsis},
	journal={Journal of Linguistics},
	volume={52},
	number={1},
	DOI={10.1017/S0022226715000079},
	publisher={Cambridge University Press},
	year={2016},
	pages={70--110}
}

@article{Leung2014,
	author = {Leung, Tommi},
	title = {The Preposition Stranding Generalization and Conditions on Sluicing: {Evidence} from {Emirati Arabic}},
	journal = {Linguistic Inquiry},
	volume = {45},
	number = {2},
	pages = {332--340},
	year = {2014},
	doi = {10.1162/LING_a_00158}	
}

@book{Lobeck1995,
	Author = {Lobeck, Anne},
	Title = {Ellipsis: {Functional} heads, licensing, and identification},
	Publisher = {Oxford University Press},
	Address = {Oxford},
	Year = {1995}
}

@article{Lopez2000,
	Author = {López, Luis},
	Title = {Ellipsis and discourse-linking},
	Journal = {Lingua},
	Volume = {110},
	Number = {3},
	Pages = {183--213},
	DOI = {10.1016/S0024-3841(99)00036-4},
	Year = {2000}
}

@book{Merchant2001,
	author={Merchant, Jason},
	year={2001},
	title={The Syntax of Silence: {Sluicing}, Islands, and the Theory of Ellipsis},
	address={Oxford},
	publisher={Oxford University Press}
}

@article{Merchant2005a,
  author  = {Merchant, Jason},
  title   = {Fragments and ellipsis},
  journal = {Linguistics and Philosophy},
  year    = {2005},
  volume  = {27},
  number  = {6},
  pages   = {661--738},
  doi     = {10.1007/s10988-005-7378-3},
}

@inproceedings{Merchant2005-proc,
  Author    = {Merchant, Jason},
  Title     = {Revisiting syntactic identity conditions},
  Booktitle = {Workshop on Identity in Ellipsis},
  Year      = {2005},
  Address   = {University of California, Berkeley},
}

@incollection{Merchant2010,
Author = {Merchant, Jason},
Title = {Three kinds of ellipsis},
Editor = {Recanati, Francois and Stojanovic, Isidora and Villanueva, Neftali},
Booktitle = {Context-dependence, perspective, and relativity},
Publisher = {Walter de Gruyter},
Address = {Berlin},
Year = {2010},
Pages = {141-192}
}

@article{Merchant2013,
	author = {Merchant, Jason},
	title = {Voice and Ellipsis},
	journal = {Linguistic Inquiry},
	volume = {44},
	number = {1},
	pages = {77--108},
	year = {2013},
	doi = {10.1162/LING_a_00120}
}

@inproceedings{Miller2011,
	Author={Miller, Philip},
	Editor={Hendrickx, Iris and Lalitha Devi, Sobha and Branco, Ant{\'o}nio and Mitkov, Ruslan},
	Title={The Choice between Verbal Anaphors in Discourse},
	Booktitle={Anaphora Processing and Applications. {8th Discourse Anaphora and Anaphor Resolution Colloquium, DAARC 2011}},
	Year={2011},
	Series={Lecture Notes in Computer Science},
	Number={7099},
	Publisher={Springer},
	Address={Berlin, Heidelberg},
	Pages={82--95},
	DOI={10.1007/978-3-642-25917-3_8}
}

@inproceedings{Miller2013,
Author =  {Miller, Philip}, 
Editor = {Müller, Stefan},
Title = {Usage preferences: the case of the English verbal anaphor do so},
BookTitle = {Proceedings of the 20th International Conference on Head-Driven Phrase Structure Grammar},
Year = {2013},
Publisher = {CSLI Publications}, 
Address = {Stanford, CA},
Pages = {121--139}
}

@unpublished{Miller2014a,
	TITLE = {Verb Phrase Ellipsis with Nominal Antecedents},
	AUTHOR = {Miller, Philip Harold and Hemforth, Barbara},
	NOTE = {Submitted},
	YEAR = {2014},
}

@incollection{Miller2014b,
	Author = {Miller, Philip and Pullum, Geoffrey K.},
	Title = {Exophoric {VP} ellipsis},
	BookTitle = {The Core and the Periphery: {Data-driven} Perspectives on Syntax Inspired by {Ivan A. Sag}},
	Editor = {Hofmeister, Philip and Norcliffe, Elisabeth},
        series = {CSLI Lecture Notes},
        number = 210,
	Publisher = {CSLI Publications},
	Address = {Stanford, CA},
	Pages = {5--32},
	Year = {2014}
}

@conference{Molimpakis2018,
	author={Molimpakis, Emilia},
	title={P-stranding under sluicing: {Acceptability} and processing},
	booktitle={Workshop Relating Elliptical Utterances to Information in Context. {DGfS 2018 -- AG12}},
	year={2018},
	organization={Universität Stuttgart},
	address={Stuttgart}
}

@inproceedings{Morgan1989,
	Author = {Morgan, Jerry},
	Title = {Sentence fragments revisited},
	BookTitle = {CLS 25: {Papers} from the 25th {Annual Regional Meeting of the Chicago Linguistic Society}},
	Editor = {Music, Bradley and Graczyk, Randolph  and Wiltshire, Caroline},
	Address= {Chicago, IL},
	Publisher = {Chicago Linguistic Society},
	Pages = {228--241},
	Year = {1989}
}

@inproceedings{Mouret2006,
         Author = {Mouret, Fran\c{c}ois},
	Title = {A phrase structure approach to Argument Cluster Coordination},
	BookTitle = {Proceedings of the 13th International Conference on Head-Driven Phrase Structure Grammar},
	Editor = {M\"{u}ller, Stefan},
	Address= {Stanford, CA},
	Publisher = {CSLI Publications},
	Pages = {247--267},
	Year = {2006}
}


@article{Nykiel2013,
	title = {Clefts and preposition omission under sluicing},
	journal = {Lingua},
	volume = {123},
	pages = {74--117},
	year = {2013},
	doi = {10.1016/j.lingua.2012.10.011},
	author = {Nykiel, Joanna},
}


@Inproceedings{Parketal2019,
  author    = {Sang-Hee Park and Jean-Pierre Koenig and Rui Chaves},
  booktitle = {Proceedings of {Sinn} und {Bedeutung} 23},
  publisher = {Universitat Autònoma de Barcelona},
  title     = {A Semantic Underspecification-based Analysis of Scope Ambiguities in Gapping},
  address   = {Barcelona},
  editor    = {Maria-Teresa Espinal and Elena Castroviejo and Manuel Leonetti and Louise McNally and Cristina Real-Puigdollers},
  pages     = {237--251},
  year      = {2019},
}




@inproceedings{Philippova2014,
	Author = {Philippova, Tatiana},
	Title = {P-omission under sluicing, {[P clitic]} and the nature of {P}-stranding},
	BookTitle = {Proceedings of {ConSOLE XXII}},
	Editor = {Kohlberger, Martin and Bellamy, Kate and Dutton, Eleanor},
	Address= {Universiteit Leiden},
	Pages = {133--155},
	Year = {2014}
}

@article{Purver2006,
	Author = {Purver, Matthew},
	Title = {CLARIE: {Handling} Clarification Requests in a Dialogue System},
	Journal = {Research on Language and Computation},
	Volume = {4},
	Number = {2},
	Pages = {259--288},
	DOI = {10.1007/s11168-006-9006-y},
	Year = {2006}
}

@incollection{Rodrigues2006,
	Author = {Rodrigues, Cillene and Nevins, Andrew and Vicente, Luis},
	Title = {Cleaving the interactions between sluicing and preposition stranding},
	BookTitle = {Romance Languages and Linguistic Theory 2006},
	Editor = {Torck, D. and Wetzels, L.},
	Publisher = Benjamins,
	Address = {Amsterdam},
	Pages = {175--198},
	Year = {2009}
}

@inproceedings{Ross1969,
	Author = {Ross, John R.},
	Title = {Guess who},
	BookTitle = {Proceedings of the 5th {Annual Regional Meeting of the Chicago Linguistic Society}},
	Address= {Chicago, IL},
	Publisher = {Chicago Linguistic Society},
	Pages = {252--286},
	Year = {1989}
}

@incollection{Ruppenhofer2014,
	Author = {Ruppenhofer, Josef and Michaelis, Laura A.},
	Title = {Frames and the interpretation of omitted arguments in {English}},
	BookTitle = {Perspectives on Linguistic Structure and Context: {Studies} in Honor of {Knud Lambrecht}},
	Editor = {Katz Bourns, Stacey and Myers, Lindsy L.},
	Publisher = {John Benjamins Publishing Company},
	Pages = {57--86},
	Year = {2014}
}


@book{Sag1976,
Author = {Sag, Ivan A.},
	Title = {Deletion and logical form},
	Series = {Outstanding Dissertations in Linguistics},
	Address = {New York},
	Publisher = {Garland},
	DOI = {},
	Year = {1976}
	
	}

@article{Sag1985,
	Author = {Sag, Ivan A. and Gazdar, Gerald and Wasow, Thomas and Weisler, Steven},
	Title = {Coordination and how to distinguish categories},
	Journal = {Natural Language \& Linguistic Theory},
	Volume = {3},
	Number = {2},
	Pages = {117--171},
	DOI = {10.1007/BF00133839},
	Year = {1985}
}

@inproceedings{Sag2011,
Author = {Sag, Ivan A. and Nykiel, Joanna},
Title = {Remarks on sluicing},
Pages = {188--298},
crossref = {Mueller2011a-ed},

}

@article{Schachter1977,
	author = {Paul Schachter},
	journal = {Linguistic Inquiry},
	number = {4},
	pages = {763--767},
	publisher = {The MIT Press},
	DOI = {10.2307/4178025},
	title = {Does She or Doesn't She?},
	volume = {8},
	year = {1977}
}

@incollection{Schmeh2015,
	author    = {Schmeh, Katharina and Culicover, Peter W. and Hartmann, Jutta and Winkler, Susanne},
	title     = {Discourse function ambiguity of fragments: {A} linguistic puzzle},
	booktitle = {Ambiguity: {Language} and Communication},
	editor    = {Winkler, Susanne},
	publisher = {de Gruyter},
	address   = {Berlin},
	doi       = {10.1515/9783110403589-010},
	pages     = {199 -- 216},
	year      = {2015},
}

@book{Stainton2006,
	Author = {Stainton, Robert},
	Title = {Words and Thoughts},
	Publisher = {Oxford University Press},
	Address = {Oxford},
	Year = {2006}
}

@article{Stjepanovic2008,
	author = {Stjepanović, Sandra},
	title = {P-Stranding Under Sluicing in a {Non-P}-Stranding Language?},
	journal = {Linguistic Inquiry},
	volume = {39},
	number = {1},
	pages = {179--190},
	year = {2008},
	doi = {10.1162/ling.2008.39.1.179},
}

@incollection{Stjepanovic2012,
	title={Two cases of violation repair under sluicing},
	author={Stjepanovi{\'c}, Sandra},
	BookTitle={Sluicing: {Cross-linguistic} Perspectives},
	editor={Merchant, Jason and Simpson, Andrew},
	series={Oxford Studies in Theoretical Linguistics},
	pages={68--82},
	year={2012},
	publisher={Oxford University Press},
	address={Oxford}
}

@inproceedings{Szczegielniak2008,
	Author = {Szczegielniak, Adam},
	Title = {Islands in Sluicing in {Polish}},
	BookTitle = {Proceedings of the 27th {West Coast Conference on Formal Linguistics}},
	Editor = {Abner, Natasha and Bishop, Jason},
	Address= {UCLA, Los Angeles, CA},
	Publisher = {Cascadilla Proceedings Project},
	Pages = {404--412},
	Year = {2008}
}

@article{Vicente2015,
	title={Morphological case mismatches under sluicing},
	author={Vicente, Luis},
	journal={Snippets},
	volume={29},
	pages={16--17},
	year={2015},
	doi={10.7358/snip-2015-029-vice}
}


%whitman2009 in cg.bib and lfg.bib: citation in ellipsis.tex needs to be lowercased


@book{Webber79a,
	Author = {Webber, Bonnie},
	Title = {A Formal Approach to Discourse Anaphora},
	Series = {Outstanding Dissertations in Linguistics},
	Address = {New York},
	Publisher = {Garland},
	DOI = {10.4324/9781315403342},
	Year = {1979},
	opt_note= {The DOI leads to a 2016 re-publication, not the cited original version!}
}

@article{Yatabe2019,
	Author = {Yatabe, Shûichi and Tam, Wai Lok},
	Title = {In defense of an {HPSG}-based theory of non-constituent coordination: {A} reply to {Kubota} and {Levine}},
	Journal = {Linguistics and Philosophy},
	DOI = {10.1007/s10988-019-09283-6},
	Pages = {1--77},
	Year = {2019}
}

@article{AlmeidaYoshida2007,
  author  = {Almeida, Diogo and Masaya Yoshida},
  title   = {A Problem for the Preposition Stranding Generalization},
  journal = {Linguistic Inquiry},
  year    = {2007},
  volume  = {38},
  number  = {2},
  pages   = {349-362},
}

@incollection{Whitman2009-jb-removed-duplicate-incomplete,
  author    = {Whitman, Neal},
  title     = {Right-node wrapping: Multimodal categorial grammar and the ‘friends in low places’ coordination},
  booktitle = {Theory and Evidence in Semantics},
  publisher = {CSLI Publications},
  year      = {2009},
  editor    = {E. Hinrichs and J. Nerbonne},
  pages     = {235–256},
  address   = {Stanford},
}

@article{Hudson1976,
  author  = {Hudson, Richard},
  title   = {Conjunction reduction, gapping, and right-node raising},
  journal = {Language},
  year    = {1976},
  volume  = {52},
  number = 3,
  pages   = {535--562},
}

@article{Hudson1989,
  author  = {Hudson, Richard},
  title   = {Gapping and grammatical relations},
  journal = {Journal of Linguistics},
  year    = {1989},
  volume  = {25},
  number  = 1,
  doi = {10.1017/S002222670001210X},
  pages   = {57--94},
}

@Article{Kim2019,
  author  = {Kim, Jong-Bok and Anne Abeill{\' e}},
  journal = {Linguistic Research},
  title   = {Why-stripping in {English}},
  year    = {2019},
  pages   = {365--387},
  volume  = {36},
}

@Comment{jabref-meta: databaseType:bibtex;}
