%% This BibTeX bibliography file was created using BibDesk.
%% http://bibdesk.sourceforge.net/

%% Created for Wechsler, Stephen M at 2020-05-04 12:06:54 -0500 


%% Saved with string encoding Unicode (UTF-8) 

@book{keenan;faltz85,
	Address = {Dordrecht},
	Annote = {23.09.02},
	Author = {Edward L. Keenan and Leonard M. Faltz},
	Publisher = {Reidel},
	Title = {Boolean Semantics for Natural Language},
	Year = 1985}

@article{austin+bresnan:1996,
	Author = {Peter Austin and Joan Bresnan},
	Journal = {Natural Language and Linguistic Theory},
	Pages = {215--268},
	Title = {Non-Configurationality in {Australian} Aboriginal languages},
	Volume = 14,
	number = {2},
	doi = {10.1007/BF00133684},
	Year = 1996}

% This one
@Article{findlay16,
  author = 	 {Jamie Y. Findlay},
  title = 	 {Mapping Theory Without Argument Structure},
  journal = 	 {Journal of Language Modelling},
  year = 	 2016,
  volume = 	 4,
  number = 	 2,
  doi = {10.15398/jlm.v4i2.171},
  pages = 	 {293--338}}


@phdthesis{fassifehri81,
	Address = {Paris, France},
	Author = {Fassi-Fehri, Abdelkader},
	School = {Univerist\'{e} de Paris III},
	Title = {Compl\'{e}mentation et anaphore en arabe moderne: une approche lexicale fonctionelle},
	Year = 1981}

@phdthesis{snijders15,
	Author = {Liselotte Snijders},
	School = {University of Oxford},
	Title = {The Nature of Configurationality in {LFG}},
	Year = 2015}

% This one
@book{kroeger:1993,
	Address = {Stanford, CA},
	Author = {Kroeger, Paul},
	Publisher = {CSLI Publishers},
	Series = {Dissertations in Linguistics},
	Title = {Phrase structure and grammatical relations in {Tagalog}},
	Year = {1993}}

@article{wechsler2001case,
	Author = {Wechsler, Stephen and Zlati\'{c}, Larisa},
	Journal = {Lingua},
	Pages = {539--560},
	Publisher = {Elsevier},
	Title = {Case realization and identity},
	Volume = {111},
	Number = {4--7}, 
	doi = {10.1016/S0024-3841(00)00037-1},
	Year = {2001}}

@incollection{grimshaw98,
	Author = {Jane Grimshaw},
	Booktitle = {Lexical Specification and Insertion},  
	Editor = {Peter Coopmans and Martin Everaert and Jane Grimshaw},
	Pages = {115-133},
	Publisher = {Mahwah, NJ: Lawrence Erlbaum Associates},
	Title = {Locality and extended projection.},
	Year = {1998}}

@article{kiparsky+staal:1969,
	Author = {Kiparsky, Paul and Staal, Johan F.},
	Journal = {Foundations of Language},
	Number = {1},
	Pages = {83--117},
	Title = {Syntactic and semantic relations in {P{\=a}{\d n}ini}},
	Volume = {5},
	url = {https://www.jstor.org/stable/25000364},
	Year = {1969}}

% This one
@inproceedings{coppock+wechsler:2010,
	Address = {Stanford},
	Author = {Elizabeth Coppock and Stephen Wechsler},
	Booktitle = {Proceedings of the {LFG10} Conference},
	Editor = {Miriam Butt and Tracy Holloway King},
	Pages = {165--85},
	url = {http://csli-publications.stanford.edu/LFG/15/},
	urldate = {2020-05-14},
	Publisher = {CSLI Publications},
	Title = {Less-Travelled Paths from Pronoun to Agreement: The Case of the {U}ralic Objective Conjugations},
	Year = {2010}}

% This one
@incollection{Bresnan00-OT,
	Author = {Joan Bresnan},
	Booktitle = {{Optimality Theory}: {Phonology}, Syntax and Acquisition},
	Editor = {Joost Dekkers and Frank van der Leeuw and Jeroen van de Weijer},
addresss = {Oxford},
Publisher = {Oxford University Press},
	Title = {Optimal Syntax},
	Type = {incollection},
	Pages = {334--385},
	Year = {2000}}

@article{dummylfg,
	Author = {Joe Example}}

% This one
@book{asudeh-lpr,
	Address = {Oxford},
	Author = {Ash Asudeh},
	Publisher = {Oxford University Press},
	Title = {The Logic of Pronominal Resumption},
	Series = {Oxford Studies in Theoretical Linguistics},
	Number = 35, 
	Year = 2012}

@book{dalrymple99,
	Address = {Cambridge, MA},
	Annote = {15.2.00},
	Editor = {Mary Dalrymple},
	Publisher = {MIT Press},
	Title = {Semantics and Syntax in {L}exical {F}unctional {G}rammar: The Resource Logic Approach},
	Year = 1999}

% This one
@inproceedings{halvorsen;kaplan88,
	Address = {Tokyo},
	Author = {Per-Kristian Halvorsen and Ronald M. Kaplan},
	Booktitle = {Proceedings of the {International Conference on Fifth Generation Computer Systems}},
	Key = {LFG,inside-out functional uncertainty},
	Note = {Reprinted in \citet[279--292]{dalrymple;ea95}},
	Organization = {Institute for New Generation Systems},
	Pages = {1116--1122},
	sortname = {Per-Kristian Halvorsen},
	Title = {Projections and Semantic Description in {Lexical-Functional Grammar}},
	Year = 1988}

@book{curry;feys58,
	Address = {Amsterdam},
	Author = {Haskell B. Curry and Robert Feys},
	Key = {curry-howard isomorphism, type theory, logic},
	Publisher = {North-Holland},
	Title = {Combinatory Logic},
	Volume = 1,
	Year = 1958}

@book{heim;kratzer98,
	Address = {Oxford},
	Annote = {25.02.98},
	Author = {Irene Heim and Angelika Kratzer},
	Publisher = {Blackwell},
	Title = {Semantics in Generative Grammar},
	Year = 1998}


@book{gkps,
	Address = {Cambridge, MA},
	Author = {Gerald Gazdar and Ewan Klein and Geoffrey K. Pullum and Ivan A. Sag},
	Publisher = {Harvard University Press},
	Title = {Generalized Phrase Structure Grammar},
	Year = 1985}

@book{ginzburg;sag00,
	Address = {Stanford, CA},
	Author = {Jonathan Ginzburg and Ivan A. Sag},
	Publisher = {CSLI Publications},
	Title = {Interrogative Investigations: {The} Form, Meaning and Use of {English} Interrogatives},
	Year = 2000}

%% This one
@incollection{howard80,
	Address = {London},
	Annote = {26.12.01},
	Author = {William A. Howard},
	Booktitle = {To {H. B. Curry}: {Essays} on Combinatory Logic, Lambda Calculus and Formalism},
	Editor = {Jonathan P. Seldin and J. Roger Hindley},
	Note = {Circulated in unpublished form from 1969. Reprinted in \citet[15--26]{degroote95a}},
	Pages = {479--490},
	Publisher = {Academic press},
	Title = {The Formulae-as-Types Notion of Construction},
	Year = 1980}

% This one
@incollection{frank;genabith01,
	Author = {Anette Frank and Josef van Genabith},
	Crossref = {butt;king01},
	Booktitle = {Proceedings of the {LFG01} Conference},
	Pages = {104--126},
	Title = {{LL}-based Semantics Construction for {LTAG} --- And What It Teaches Us About the Relation Between {LFG} and {LTAG}}}

@misc{richter04,
	Author = {Frank Richter},
	Note = {Habilitation Thesis. Seminar f\"ur Sprachwissenschaft, Universit\"at T\"ubingen.},
	Title = {Foundations of {Lexical Resource Semantics}},
	Year = 2004}

@incollection{asudeh-lfg-glue,
	Address = {Berlin},
	Author = {Ash Asudeh},
	Booktitle = {{Lexical Functional Grammar}: {The} Handbook},
	Editor = {Mary Dalrymple},
	Note = {To appear},
	Publisher = {Language Science Press},
	Title = {Glue Semantics},
	Year = 2020}

@incollection{kamp81,
	Address = {Amsterdam},
	Author = {Hans Kamp},
	Booktitle = {Formal Methods in the Study of Language},
	Editor = {Jeroen Groenendijk and Theo M. B. Janssen and Martin Stokhof},
	Pages = {277--322},
	Publisher = {Mathematical Centre Tracts},
	Title = {A Theory of Truth and Semantic Representation},
	Year = 1981}

@article{girard87,
	Annote = {26.04.00},
	Author = {Jean-Yves Girard},
	Journal = {Theoretical Computer Science},
	Number = 1,
	Pages = {1--102},
	Title = {Linear Logic},
	Volume = 50,
	doi = {10.1016/0304-3975(87)90045-4},
	Year = 1987}

@incollection{gotham;haug18,
	Author = {Matthew Gotham and Dag Trygve Truslew Haug},
	Booktitle = {Proceedings of the {LFG18} Conference},
	Crossref = {butt;king18},
	Pages = {208--226},
	Title = {Glue Semantics for {Universal Dependencies}}}

@book{boas;sag12,
	Address = {Stanford, CA},
	Editor = {Hans C. Boas and Ivan A. Sag},
	Publisher = {CSLI Publications},
	Title = {Sign-Based Construction Grammar},
	Year = 2012}

% This one
@article{Gotham2018,
	Author = {Gotham, Matthew},
	Volume = 41,
	Number = 5,
	Pages = {511--556},
	Title = {Making {Logical Form} Type-Logical: {Glue} Semantics for {Minimalist} Syntax},
	doi = {10.1007/s10988-018-9229-z},
	Year = {2018}}

@book{dalrymple;ea19,
	Address = {Oxford},
	Author = {Mary Dalrymple and John J. Lowe and Louise Mycock},
	Publisher = {Oxford University Press},
	Title = {The {Oxford Reference Guide to Lexical Functional Grammar}},
	Year = 2019}

@book{pollard;sag94,
	Address = {Chicago, IL and Stanford, CA},
	Author = {Carl Pollard and Ivan A. Sag},
	Publisher = {The University of Chicago Press and CSLI Publications},
	Title = {{Head-driven Phrase Structure Grammar}},
	Year = 1994}

@book{butt;ea99,
	Address = {Stanford, CA},
	Author = {Miriam Butt and Tracy Holloway King and Mar\'{\i}a-Eugenia Ni{\~{n}}o and Fr\'ed\'erique Segond},
	Publisher = {CSLI Publications},
	Title = {A Grammar Writer's Cookbook},
	Year = 1999}

@book{morrill11,
	Address = {Oxford},
	Author = {Glyn V. Morrill},
	Publisher = {Oxford University Press},
	Title = {Categorial Grammar: {Logical} Syntax, Semantics, and Processing},
	Year = 2011}

% This one
@book{pollard;sag87,
	Author = {Carl Pollard and Ivan A. Sag},
	Publisher = {CSLI Publications},
	Address = {Stanford, CA},
	Series = {{CSLI} Lecture Notes},
	Number = 13,
	Title = {Information-Based Syntax and Semantics},
	Year = {1987}}

% This one
@incollection{penn;richter04,
	Author = {Gerald Penn and Frank Richter},
	Booktitle = {Proceedings of the 11th {International Conference on {Head-Driven Phrase Structure Grammar}}},
	Crossref = {muller-hpsg04},
	Pages = {423--443},
	Title = {Lexical Resource Semantics: {From} Theory to Implementation}}

@book{barwise;perry83,
	Address = {Cambridge, MA},
	Author = {Jon Barwise and John Perry},
	Publisher = {MIT Press},
	Title = {Situations and Attitudes},
	Year = 1983}

@article{bender;ea10,
	Affiliation = {Department of Linguistics, University of Washington, Seattle, WA USA},
	Author = {Bender, Emily M. and Drellishak, Scott and Fokkens, Antske and Poulson, Laurie and Saleem, Safiyyah},
	Issn = {1570-7075},
	Journal = {Research on Language \& Computation},
	Note = {10.1007/s11168-010-9070-1},
	Number = 1,
	Pages = {23--72},
	Publisher = {Springer Netherlands},
	Title = {Grammar Customization},
	doi = {10.1007/s11168-010-9070-1},
	Volume = 8,
	Year = {2010}}

@book{fenstad;ea87,
	Address = {Dordrecht},
	Author = {Jens Erik Fenstad and Per-Kristian Halvorsen and Tore Langhold and Johan van Benthem},
	Publisher = {D. Reidel},
	Title = {Situations, Language and Logic},
	Year = 1987}

@inproceedings{butt;ea02-pargram,
	Author = {Miriam Butt and Helge Dyvik and Tracy Holloway King and Hiroshi Masuichi and Christian Rohrer},
	Title = {The {Parallel Grammar Project}},
	doi = {10.3115/1118783.1118786},
	Pages = {15--21},
        Crossref = {COLING-GEE02}}

@inproceedings{bender;ea02,
	Author = {Bender, Emily M. and Flickinger, Dan and Oepen, Stephan},
	Title = {The {Grammar Matrix}: {An} Open-Source Starter-Kit for the Rapid Development of Cross-Linguistically Consistent Broad-Coverage Precision Grammars},	
	doi = {10.3115/1118783.1118785},
	Pages = {8--14},
        Crossref = {COLING-GEE02}}
%	Editor = {Carroll, John and Oostdijk, Nelleke and Sutcliffe, Richard},
%	Pages = {8--14},


@incollection{moortgat97,
	Author = {Michael Moortgat},
	Booktitle = {Handbook of Logic and Language},
	Crossref = {vanbenthem;termeulen97},
	Pages = {93--177},
	Title = {Categorial Type Logics}}

@book{dalrymple01,
	Address = {San Diego, CA},
	Annote = {15.04.01},
	Author = {Mary Dalrymple},
	Publisher = {Academic Press},
	Title = {{Lexical Functional Grammar}},
	Year = 2001}

@book{carpenter97,
	Address = {Cambridge, MA},
	Author = {Bob Carpenter},
	Publisher = {MIT Press},
	Title = {Type-Logical Semantics},
	Year = 1997}

@article{copestake;ea05,
	Author = {Ann Copestake and Dan Flickinger and Carl Pollard and Ivan A. Sag},
	Journal = {Research on Language and Computation},
	Number = 4,
	Pages = {281--332},
	Title = {Minimal Recursion Semantics: An Introduction},
	Volume = 3,
	doi = {10.1007/s11168-006-6327-9},
	Year = 2005}

@incollection{asudeh;crouch02-wccfl-ellipsis,
	Author = {Ash Asudeh and Richard Crouch},
	Booktitle = {Proceedings of the 21st {West Coast Conference on Formal Linguistics}},
	Crossref = {mikkelsen;potts02},
	Pages = {1--14},
	Title = {Derivational Parallelism and Ellipsis Parallelism}}

@incollection{curry;feys95,
	Author = {Haskell B. Curry and Robert Feys},
	Booktitle = {The {Curry-Howard} Isomorphism},
	Crossref = {degroote95a},
	Key = {curry-howard isomorphism, logic, type theory},
	Note = {Reprint of \citet[ Chapter 9, Section E]{curry;feys58}},
	Pages = {9--13},
	Title = {The Basic Theory of Functionality. {Analogies} with Propositional Algebra}}

@article{asudehEA-jlm13,
	Author = {Ash Asudeh and Mary Dalrymple and Ida Toivonen},
	Journal = {Journal of Language Modelling},
	Number = 1,
	Pages = {1--54},
	Title = {Constructions with {Lexical Integrity}},
	Volume = 1,
	doi = {10.15398/jlm.v1i1.56},
	Year = 2013}

@incollection{asudeh;giorgolo-lfg12,
	Author = {Ash Asudeh and Gianluca Giorgolo},
	Booktitle = {Proceedings of the {LFG12} Conference},
	Crossref = {butt;king12},
	Pages = {64--84},
	Title = {Flexible Composition for Optional and Derived Arguments}}

@incollection{asudeh;ea14-lfg,
	Author = {Ash Asudeh and Gianluca Giorgolo and Ida Toivonen},
	Booktitle = {Proceedings of the {LFG14} Conference},
	Crossref = {butt;king14},
	Title = {Meaning and Valency}}

@book{kamp;reyle93,
	Address = {Dordrecht},
	Author = {Hans Kamp and Uwe Reyle},
	Publisher = {Kluwer},
	Title = {From Discourse to Logic: Introduction to Modeltheoretic Semantics of Natural Language, Formal Logic and {Discourse Representation Theory}},
	Year = 1993}

@incollection{montague73-removed,
	Annote = {13.11.01},
	Author = {Richard Montague},
	Booktitle = {Approaches to Language},
	Crossref = {hintikka;ea73},
	Note = {Reprinted in \citet[247--270]{montague74}},
	Pages = {221--242},
	Title = {The Proper Treatment of Quantification in Ordinary {English}}}

@book{jacobson14,
	Address = {Oxford},
	Author = {Pauline Jacobson},
	Publisher = {Oxford University Press},
	Title = {Compositional Semantics: {An} Introduction to the Syntax/""Semantics Interface},
	Year = 2014}

@incollection{montague70,
	Address = {Milan},
	Annote = {13.11.01},
	Author = {Richard Montague},
	Booktitle = {Linguaggi nella Societ\'a e nella Tecnica},
	Editor = {Bruno Visentini and others},
	Note = {Reprinted in \citet[188--221]{montague74}},
	Pages = {189--224},
	Publisher = {Edizioni di Communit\`a},
	Title = {English as a Formal Language},
	Year = 1970}

@incollection{koenig;richter-tv,
	Address = {Berlin},
	Author = {Jean-Pierre Koenig and Frank Richter},
	Booktitle = {{Head-Driven Phrase Structure Grammar}: The Handbook},
	Editor = {Stefan M\"{u}ller and Anne Abeill\'e and Robert D. Borsley and Jean-Pierre Koenig},
	Publisher = {Language Science Press},
	Title = {Semantics},
	Year = {this volume}}

@inproceedings{dalrymple;ea93,
	Address = {University of Utrecht},
	Annote = {23.09.02},
	Author = {Mary Dalrymple and John Lamping and Vijay Saraswat},
	Booktitle = {Proceedings of the {Sixth Meeting of the European ACL}},
	Organization = {European Chapter of the Association for Computational Linguistics},
	Pages = {97--105},
	Title = {{LFG} Semantics via Constraints},
	Year = 1993}

@book{dalrymple;ea95,
	Address = {Stanford, CA},
	Annote = {5.1.00},
	Editor = {Mary Dalrymple and Ronald M. Kaplan and Maxwell III, John T. and Annie Zaenen},
	Publisher = {CSLI Publications},
	Title = {Formal Issues in {Lexical-Functional Grammar}},
	Year = 1995}

@phdthesis{heim82,
	Author = {Irene Heim},
	School = {University of Massachusetts, Amherst},
	Title = {The Semantics of Definite and Indefinite Noun Phrases},
	Year = 1982}

@book{saussure19a,
	Address = {New York},
	Author = {de Saussure, Ferdinand},
	Publisher = {McGraw-Hill},
	Title = {Course in General Linguistics},
	Year = {1919}}

@article{flickinger00,
	Author = {Dan Flickinger},
	Journal = {Natural Language Engineering},
	Number = 1,
	Pages = {15--28},
	Title = {On Building a More Efficient Grammar by Exploiting Types},
	Volume = 6,
	Year = 2000}

@book{morrill94a,
	Address = {Dordrecht},
	Annote = {27.09.02},
	Author = {Glyn V. Morrill},
	Publisher = {Kluwer},
	Title = {{Type Logical Grammar}},
	Year = 1994}

@article{asudeh05-lp,
	Author = {Ash Asudeh},
	Journal = {Linguistics and Philosophy},
	Number = 4,
	Pages = {375--446},
	Title = {Relational Nouns, Pronouns, and Resumption},
	Volume = 28,
	doi = {10.1007/s10988-005-2656-7},
	Year = 2005}

% This one
@incollection{asudeh;crouch01-hpsg-glue,
	Author = {Ash Asudeh and Richard Crouch},
	Booktitle = {Proceedings of the 8th International {HPSG} Conference},
	Crossref = {eynde;ea01},
	Pages = {1--19},
	Title = {{Glue Semantics} for {HPSG}}}

@article{halvorsen83,
	Author = {Per-Kristian Halvorsen},
	Journal = {Linguistic Inquiry},
	Number = 4,
	Pages = {567--615},
	Title = {Semantics for {Lexical-Functional Grammar}},
	Volume = 14,
	url = {https://www.jstor.org/stable/4178351},
	Year = 1983}

@book{butt;king01,
	Address = {Stanford, CA},
	Editor = {Miriam Butt and Tracy Holloway King},
	Publisher = {CSLI Publications},
	Title = {Proceedings of the {LFG01} Conference},
	Url = {http://csli-publications.stanford.edu/LFG/6/},
	urldate = {2020-05-14},
	Year = 2001}

@book{eynde;ea01,
	Address = {Stanford, CA},
	Editor = {Frank van Eynde and Lars Hellan and Dorothee Beermann},
	Publisher = {CSLI Publications},
	Title = {Proceedings of the 8th International Conference on {Head-Driven Phrase Structure Grammar}},
	url = {http://csli-publications.stanford.edu/HPSG/2001/},
	urldate = {2020-05-14},
	Year = 2002}

@book{degroote95a,
	Address = {Louvain-la-Neuve},
	Annote = {13.7.03},
	Editor = {de Groote, Philippe},
	Key = {curry-howard isomorphism, logic, type theory},
	Publisher = {Acade\-mia},
	Sortname = {Philippe {de Groote}},
	Series = {Cahiers du Centre de Logique},
	number = 8,
	Title = {The {Curry-Howard} Isomorphism},
	Year = 1995}

@book{vanbenthem;termeulen97,
	Address = {Amsterdam},
	Edition = 1,
	Editor = {van Benthem, Johan and ter Meulen, Alice},
	Publisher = {North-Holland},
	Title = {Handbook of Logic and Language},
	Year = 1997}

@book{muller-hpsg04,
	Address = {Stanford, CA},
	Editor = {Stefan M\"{u}ller},
	Publisher = {CSLI Publications},
	Title = {Proceedings of the 11th International Conference on {Head-Driven Phrase Structure Grammar}},
		url = {http://csli-publications.stanford.edu/HPSG/2004/},
		urldate = {2020-05-14},
	Year = 2004}

@proceedings{mikkelsen;potts02,
	Address = {Somerville, MA},
	Editor = {Line Mikkelsen and Christopher Potts},
	Publisher = {Cascadilla Press},
	Title = {Proceedings of the 21st {West Coast Conference on Formal Linguistics}},
	Year = 2002}

@book{butt;king18,
	Address = {Stanford, CA},
	Editor = {Miriam Butt and Tracy Holloway King},
	Publisher = {CSLI Publications},
	Title = {Proceedings of the {LFG18} Conference},
	Url = {http://csli-publications.stanford.edu/LFG/LFG-2018/},
	urldate = {2020-05-14},
        Year = 2018} 

@book{butt;king12,
	Address = {Stanford, CA},
	Editor = {Miriam Butt and Tracy Holloway King},
	Publisher = {CSLI Publications},
	Title = {Proceedings of the {LFG12} Conference},
	Url = {http://csli-publications.stanford.edu/LFG/17/},
	urldate = {2020-05-14},
Year = 2012}

@book{hintikka;ea73,
	Address = {Dordrecht},
	Annote = {13.11.01},
	Editor = {Jaakko Hintikka and Julian Moravcsik and Patrick Suppes},
	Publisher = {Reidel},
	Title = {Approaches to Natural Language},
	Year = 1973}

@book{butt;king14,
	Address = {Stanford, CA},
	Editor = {Miriam Butt and Tracy Holloway King},
	Publisher = {CSLI Publications},
	Title = {Proceedings of the {LFG14} Conference},
	Url = {http://csli-publications.stanford.edu/LFG/19/},	
	urldate = {2020-05-14},
Year = {2014}}

@Proceedings{COLING-GEE02,
  title = 	 {{COLING-GEE ’02}: {Proceedings} of the 2002 {Workshop on Grammar Engineering and Evaluation}},
  year = 	 2002,
  volume = 	 15,
  publisher = {Association for Computational Linguistics},
  address = 	 {Stroudsburg, PA}}
	%Booktitle = {Proceedings of the {Workshop on Grammar Engineering and Evaluation} at the 19th {International Conference on Computational Linguistics}},
	%Booktitle = {Proceedings of {COLING}-2002 {Workshop on Grammar Engineering and Evaluation}},

