@InProceedings{Crysmann:Kihm:2018,
  author = 	 {Berthold Crysmann and Alain Kihm},
  title = 	 {Deriving reversal in {Old French} nominal inflection},
  booktitle = 	 {Proceedings of the {24th
International Conference on Head-Driven Phrase Structure Grammar, Tokyo, Japan}},
  year = 	 2018,
  pages = {20--35},
  editor = 	 {Stefan Müller},
  address = 	 {Stanford},
  publisher = {CSLI Publications}}

@BOOK{Anderson92,
  AUTHOR = {Anderson, Stephen R.},
  LOCATION = {Cambridge},
  PUBLISHER = {Cambridge University Press},
  DATE = {1992},
  TITLE = {A-Morphous Morphology},
}

@ARTICLE{Andrews90,
  AUTHOR = {Andrews, Avery D.},
  LOCATION = {Dordrecht},
  PUBLISHER = {Kluwer Academic Press},
  DATE = {1990},
  JOURNALTITLE = {Natural Language and Linguistic Theory},
  NUMBER = {4},
  PAGES = {507--557},
  TITLE = {Unification and morphological blocking},
  VOLUME = {8},
}

@BOOK{Baerman05,
  AUTHOR = {Baerman, Matthew and Brown, Dunstan and Corbett, Greville G.},
  LOCATION = {Cambridge},
  PUBLISHER = {Cambridge University Press},
  DATE = {2005},
  TITLE = {The Syntax-Morphology Interface: {A} Study of Syncretism},
}

@ARTICLE{Bickel07,
  AUTHOR = {Bickel, Balthasar and Banjade, Goma and Gaenzle, Martin and Lieven, Elena and Paudya, Netra Prasad and Rai, Ichchha Purna and Manoj, Rai and Rai, Novel Kishore and Stoll, Sabine},
  DATE = {2007},
  JOURNALTITLE = {Language},
  NUMBER = {1},
  PAGES = {43--73},
  TITLE = {Free prefix ordering in {C}hintang},
  VOLUME = {83},
}

@INCOLLECTION{Blevins05,
  AUTHOR = {Blevins, James P.},
  EDITOR = {Booij, Geert E. and Marle, Jaap van},
  PUBLISHER = {Springer},
  BOOKTITLE = {Yearbook of Morphology 2005},
  DATE = {2005},
  PAGES = {1--25},
  TITLE = {Word-based declensions in {Estonian}},
}

@BOOK{Blevins14,
  AUTHOR = {Blevins, James P.},
  LOCATION = {Oxford},
  PUBLISHER = {Oxford University Press},
  DATE = {2016},
  TITLE = {Word and Paradigm Morphology},
}

@UNPUBLISHED{Bonami11f,
  AUTHOR = {Bonami, Olivier},
  DATE = {2011},
  NOTE = {Keynote Lecture at the 18th International Conference on Head-driven Phrase Structure Grammar, 22--25 August, Seattle},
  TITLE = {Reconstructing {HPSG} Morphology},
}

@INPROCEEDINGS{Bonami06,
  AUTHOR = {Bonami, Olivier and Boy{é}, Gilles},
  LOCATION = {Stanford},
  PUBLISHER = {CSLI Publications},
  BOOKTITLE = {{Proceedings of the 13th International Conference on HPSG}},
  DATE = {2006},
  KEYWORDS = {self,nocite},
  PAGES = {39--59},
  TITLE = {Deriving inflectional irregularity},
}

@INPROCEEDINGS{Bonami07e,
  AUTHOR = {Bonami, Olivier and Boy{é}, Gilles},
  BOOKTITLE = {Proceedings of the fifth {Mediterranean Morphology Meeting}},
  DATE = {2007},
  KEYWORDS = {self,nocite},
  PAGES = {291--322},
  TITLE = {French pronominal clitics and the design of {P}aradigm {F}unction {M}orphology},
}

@INPROCEEDINGS{bonami-crysmann:2013,
  AUTHOR = {Bonami, Olivier and Crysmann, Berthold},
  EDITOR = {M{ü}ller, Stefan},
  BOOKTITLE = {Proceedings of the {20th International Conference on Head-Driven Phrase Structure Grammar, Freie Universität Berlin}},
  DATE = {2013},
  ISSN = {15351793},
  PAGES = {27--47},
  TITLE = {Morphotactics in an Information-Based Model of Realisational Morphology},
}

@INPROCEEDINGS{bonami_o-crysmann_b13hpsg,
  AUTHOR = {Bonami, Olivier and Crysmann, Berthold},
  EDITOR = {Müller, Stefan},
  BOOKTITLE = {Proceedings of the 20th Conference on Head-driven Phrase Structure Grammar, Berlin, 26--29 August},
  DATE = {2013},
  PAGES = {27--47},
  TITLE = {Morphotactics in an information-based model of realisational morphology},
}

@INCOLLECTION{Bonami15b,
  AUTHOR = {Bonami, Olivier and Crysmann, Berthold},
  EDITOR = {Hippisley, Andrew and Stump, Gregory T.},
  LOCATION = {Cambridge},
  PUBLISHER = {Cambridge University Press},
  BOOKTITLE = {Cambridge Handbook of Morphology},
  DATE = {2016},
  KEYWORDS = {self,nocite},
  PAGES = {609--656},
  TITLE = {The role of morphology in constraint"=based lexicalist grammars},
}

@INPROCEEDINGS{Bonami08f,
  AUTHOR = {Bonami, Olivier and Samvelian, Pollet},
  LOCATION = {Vienna},
  BOOKTITLE = {{13th International Morphology Meeting}},
  DATE = {2008-02},
  KEYWORDS = {self},
  TITLE = {{Sorani} {Kurdish} person markers and the typology of agreement},
}

@BOOK{Booij10,
  AUTHOR = {Booij, Geert},
  LOCATION = {Oxford},
  PUBLISHER = {Oxford University Press},
  DATE = {2010},
  TITLE = {Construction morphology},
}

@COLLECTION{bresnan_j82,
  EDITOR = {Bresnan, Joan},
  LOCATION = {Cambridge, MA},
  PUBLISHER = {The MIT Press},
  DATE = {1982},
  TITLE = {The Mental Representation of Grammatical Relations},
}

@INCOLLECTION{Bresnan82,
  AUTHOR = {Bresnan, Joan},
  EDITOR = {Bresnan, Joan},
  LOCATION = {Cambridge, MA},
  PUBLISHER = {MIT Press},
  BOOKTITLE = {The mental representation of grammatical relations},
  DATE = {1982},
  PAGES = {3--86},
  TITLE = {The passive in lexical theory},
}

@INPROCEEDINGS{broadwell:2017,
  AUTHOR = {Broadwell, George Aaron},
  EDITOR = {M{ü}ller, Stefan},
  LOCATION = {Stanford, CA},
  PUBLISHER = {CSLI Publications},
  URL = {http://cslipublications.stanford.edu/HPSG/2017/hpsg2017-broadwell.pdf},
  BOOKTITLE = {Proceedings of the 24th {International} {Conference} on {Head-Driven Phrase Structure Grammar}, {University of Kentucky}, {Lexington}},
  DATE = {2017},
  ISSN = {15351793},
  PAGES = {103--119},
  TITLE = {Parallel affix blocks in {Choctaw}},
}

@INCOLLECTION{caballero_g-harris_a12,
  AUTHOR = {Caballero, Gabriela and Harris, Alice C.},
  EDITOR = {Kiefer, Ferenc and Ladányi, Mária and Siptár, Péter},
  PUBLISHER = {John Benjamins},
  BOOKTITLE = {Current Issues in Morphological Theory. ({I}r)regularity, analogy and frequency},
  DATE = {2012},
  PAGES = {163--188},
  TITLE = {A working typology of multiple exponence},
}

@BOOK{Carstairs87,
  AUTHOR = {Carstairs, Andrew},
  LOCATION = {London},
  PUBLISHER = {Croom Helm},
  DATE = {1987},
  TITLE = {Allomorphy in Inflection},
}

@BOOK{Copestake:01,
  AUTHOR = {Copestake, Ann},
  LOCATION = {Stanford},
  PUBLISHER = {Center for the Study of Language and Information},
  URL = {http://cslipublications.stanford.edu/site/1575862603.html},
  DATE = {2001},
  SERIES = {CSLI Lecture Notes},
  TITLE = {Implementing Typed Feature Structure Grammars},
}

@BOOK{Copestake02,
  AUTHOR = {Copestake, Ann},
  LOCATION = {Stanford, CA},
  PUBLISHER = {CSLI Publications},
  DATE = {2002},
  TITLE = {Implementing Typed Feature Structure Grammars},
}

@ARTICLE{Corbett15,
  AUTHOR = {Corbett, Greville G.},
  DATE = {2015},
  JOURNALTITLE = {Language},
  NUMBER = {1},
  PAGES = {145--193},
  TITLE = {Morphosyntactic complexity: {A} typology of lexical splits},
  VOLUME = {91},
}

@BOOK{crysmann_b03book,
  AUTHOR = {Crysmann, Berthold},
  LOCATION = {Saarbrücken},
  PUBLISHER = {Computational Linguistics, Saarland University and DFKI LT Lab},
  DATE = {2003},
  NUMBER = {15},
  SERIES = {Saarbrücken Dissertations in Computational Linguistics and Language Technology},
  TITLE = {Constraint"=based Coanalysis. {Portuguese} Cliticisation and Morphology--Syntax Interaction in {HPSG}},
}

@ARTICLE{Crysmann:15:JLM,
  AUTHOR = {Crysmann, Berthold},
  DATE = {2015},
  JOURNALTITLE = {Journal of Language Modelling},
  NUMBER = {2},
  PAGES = {463--512},
  TITLE = {The Representation of Morphological Tone in a Computational Grammar of {Hausa}},
  VOLUME = {3},
}

@INCOLLECTION{Crysmann:14:OUP,
  AUTHOR = {Crysmann, Berthold},
  EDITOR = {Gisborne, Nikolas and Hippisley, Andrew},
  LOCATION = {Oxford},
  PUBLISHER = {Oxford University Press},
  BOOKTITLE = {Defaults in Morphological Theory},
  DATE = {2017},
  PAGES = {182--213},
  TITLE = {Inferential-realisational morphology without rule blocks: an information-based approach},
}

@ARTICLE{Crysmann:2017:JOMO,
  AUTHOR = {Crysmann, Berthold},
  DATE = {2017},
  JOURNALTITLE = {Morphology},
  NUMBER = {4},
  PAGES = {527--561},
  TITLE = {Reduplication in a computational {HPSG} of {Hausa}},
  VOLUME = {27},
}

@INCOLLECTION{Crysmann:2018:Batsbi,
  AUTHOR = {Crysmann, Berthold},
  EDITOR = {Crysmann, Berthold and Sailer, Manfred},
  LOCATION = {Berlin},
  PUBLISHER = {Language Science Press},
  BOOKTITLE = {One-to-many relations in Morphology, Syntax and Semantics},
  DATE = {2020},
  PAGES = {32 pp.},
  SERIES = {Empirically Oriented Theoretical Morphology and Syntax},
  TITLE = {Deconstructing exuberant exponence in {Batsbi}},
}

@INPROCEEDINGS{Crysmann12,
  AUTHOR = {Crysmann, Berthold and Bonami, Olivier},
  EDITOR = {M{ü}ller, Stefan},
  LOCATION = {Stanford},
  PUBLISHER = {CSLI publications},
  BOOKTITLE = {Proceedings of the 19th International Conference on Head-driven Phrase Structure Grammar {HPSG} 2012},
  DATE = {2012},
  KEYWORDS = {self,nocite},
  PAGES = {123--143},
  TITLE = {Establishing order in type-based realisational morphology},
}

@ARTICLE{Crysmann:Bonami:2016,
  AUTHOR = {Crysmann, Berthold and Bonami, Olivier},
  DATE = {2016},
  JOURNALTITLE = {Journal of Linguistics},
  NUMBER = {2},
  PAGES = {311--374},
  TITLE = {Variable morphotactics in Information-based Morphology},
  VOLUME = {52},
}

@INPROCEEDINGS{Crysmann:Bonami:2017:HPSG,
  AUTHOR = {Crysmann, Berthold and Bonami, Olivier},
  EDITOR = {Müller, Stefan},
  LOCATION = {Stanford},
  PUBLISHER = {CSLI Publications},
  BOOKTITLE = {Proceedings of the {24th International Conference on Head-Driven Phrase Structure Grammar, Lexington, KY}},
  DATE = {2017},
  PAGES = {141--161},
  TITLE = {Atomistic and holistic exponence in {Information-based} {Morphology}},
}

@INPROCEEDINGS{Desmets09,
  AUTHOR = {Desmets, Marianne and Villoing, Florence},
  EDITOR = {Müller, Stefan},
  LOCATION = {Stanford, CA},
  PUBLISHER = {CSLI Publications},
  BOOKTITLE = {Proceedings of the 16th International Conference on Head-driven Phrase Structure Grammar},
  DATE = {2009},
  PAGES = {89--109},
  TITLE = {French {VN} lexemes: morphological compounding in {HPSG}},
}

@MISC{diaz:koenig:michelson:19,
  AUTHOR = {Diaz, Thomas and Koenig, Jean-Pierre and Michelson, Karin},
  DATE = {2019},
  NOTE = {textit{Morphology}, First Online, 1--43},
  TITLE = {Oneida prepronominal prefixes in {Information-based} {Morphology}},
}

@INPROCEEDINGS{Emerson15,
  AUTHOR = {Emerson, Guy and Copestake, Ann},
  EDITOR = {M{ü}ller, Stefan},
  LOCATION = {Stanford, CA},
  PUBLISHER = {CSLI Publications},
  URL = {http://cslipublications.stanford.edu/HPSG/2015/emerson-copestake.pdf},
  BOOKTITLE = {Proceedings of the 22nd International Conference on Head-Driven Phrase Structure Grammar, Nanyang Technological University (NTU), Singapore},
  DATE = {2015},
  PAGES = {75--95},
  TITLE = {Lacking Integrity: HPSG as a Morphosyntactic Theory},
}

@INPROCEEDINGS{Erjavec94,
  AUTHOR = {Erjavec, Tomaž},
  EDITOR = {Bouma, Gosse and Noord, Gertjan van},
  LOCATION = {Groningen},
  BOOKTITLE = {Proceedings of the fourth CLIN meeting},
  DATE = {1994},
  PAGES = {47--58},
  TITLE = {Formalizing realizational morphology in typed feature structures},
}

@THESIS{Flickinger87-duplicate,
  AUTHOR = {Flickinger, Dan},
  INSTITUTION = {Stanford University},
  DATE = {1987},
  TITLE = {Lexical rules in the hierarchical lexicon},
  TYPE = {phdthesis},
}

@INPROCEEDINGS{Flickinger:Pollard:ea:85a,
  AUTHOR = {Flickinger, Daniel P. and Pollard, Carl J. and Wasow, Thomas},
  EDITOR = {Mann, William C.},
  LOCATION = {Chicago, IL},
  ORGANIZATION = {Association for Computational Linguistics},
  BOOKTITLE = {Proceedings of the Twenty-Third Annual Meeting of the Association for Computational Linguistics},
  DATE = {1985},
  PAGES = {262--267},
  TITLE = {Structure-Sharing in Lexical Representation},
}

@UNPUBLISHED{Goodman10,
  AUTHOR = {Goodman, Michael Wayne and Bender, Emily M.},
  DATE = {2010},
  NOTE = {Poster presented at the {HPSG 2010} Conference},
  TITLE = {What's in a Word? Refining the Morphotactic Infrastructure in the {LinGO Grammar Matrix} Customization System},
}

@ARTICLE{Harris09,
  AUTHOR = {Harris, Alice C.},
  DATE = {2009},
  JOURNALTITLE = {Natural Language and Linguistic Theory},
  PAGES = {267--303},
  TITLE = {Exuberant exponence in {B}atsbi},
  VOLUME = {27},
}

@BOOK{Harris17,
  AUTHOR = {Harris, Alice C.},
  LOCATION = {Oxford},
  PUBLISHER = {Oxford University Press},
  DATE = {2017},
  TITLE = {Multiple Exponence},
}

@ARTICLE{Hockett47,
  AUTHOR = {Hockett, Charles F.},
  DATE = {1947},
  JOURNALTITLE = {Language},
  PAGES = {321--343},
  TITLE = {Problems of Morphemic Analysis},
  VOLUME = {23},
}

@ARTICLE{Hockett54,
  AUTHOR = {Hockett, Charles F.},
  DATE = {1954},
  JOURNALTITLE = {Word},
  PAGES = {210--234},
  TITLE = {Two Models of Grammatical Description},
  VOLUME = {10},
}

@ARTICLE{kiparsky_p85,
  AUTHOR = {Kiparsky, Paul},
  DATE = {1985},
  JOURNALTITLE = {Phonology Yearbook},
  PAGES = {83--136},
  TITLE = {Some Consequences of Lexical Phonology},
  VOLUME = {2},
}

@BOOK{Koenig99,
  AUTHOR = {Koenig, Jean-Pierre},
  LOCATION = {Stanford, CA},
  PUBLISHER = {CSLI Publications},
  DATE = {1999},
  TITLE = {Lexical relations},
}

@INPROCEEDINGS{Koenig94,
  AUTHOR = {Koenig, Jean-Pierre and Jurafsky, Daniel},
  EDITOR = {Aranovich, Raul and Byrne, William and Preuss, Susanne and Senturia, Martha},
  LOCATION = {Stanford, CA},
  PUBLISHER = {CSLI Publications},
  BOOKTITLE = {{Proceedings of the 18th West Coast Conferemce on Formal Linguistics (WCCFL XIII)}},
  DATE = {1994},
  PAGES = {270--285},
  TITLE = {Type underspecification and on-line type construction},
}

@INCOLLECTION{Krieger:Nerbonne:93,
  AUTHOR = {Krieger, Hans-Ulrich and Nerbonne, John},
  EDITOR = {Briscoe, Ted and Copestake, Ann and de Paiva, Valeria},
  LOCATION = {Cambridge},
  PUBLISHER = {Cambridge University Press},
  BOOKTITLE = {Default Inheritance Within Unification-Based Approaches to the Lexicon},
  DATE = {1993},
  NOTE = {Also published as Report RR-91-31, DFKI, Saarbr{ü}cken},
  PAGES = {90--136},
  TITLE = {Feature-Based Inheritance Networks for Computational Lexicons},
}

@BOOK{Lieber92,
  AUTHOR = {Lieber, Rochelle},
  LOCATION = {Chicago},
  PUBLISHER = {University of Chicago Press},
  DATE = {1992},
  TITLE = {Deconstructing Morphology},
}

@BOOK{Luutonen97,
  AUTHOR = {Luutonen, Jorma},
  LOCATION = {Helsinki},
  PUBLISHER = {Suomalais-ugrilainen Seura},
  DATE = {1997},
  TITLE = {The variation of morpheme order in {Mari} declension},
}

@INCOLLECTION{malouf:head-driven,
  AUTHOR = {Malouf, Rob},
  EDITOR = {Cann, Ronnie and Grover, Claire and Miller, Philip},
  LOCATION = {Stanford, CA},
  PUBLISHER = {CSLI Publications},
  BOOKTITLE = {Grammatical interfaces in {HPSG}},
  DATE = {2000},
  PAGES = {201--214},
  TITLE = {A head-driven account of long-distance case assignment},
}

@BOOK{Matthews72,
  AUTHOR = {Matthews, P. H.},
  LOCATION = {Cambridge},
  PUBLISHER = {Cambridge University Press},
  DATE = {1972},
  TITLE = {Inflectional Morphology. {A} Theoretical Study Based on Aspects of {Latin} Verb Conjugation},
}

@INPROCEEDINGS{meurers:towards,
  AUTHOR = {Meurers, Walt Detmar},
  LOCATION = {Edinburgh},
  BOOKTITLE = {Proceedings of the First Conference on {Formal Grammar}},
  DATE = {1995},
  TITLE = {Towards a semantics for lexical rules as used in HPSG},
}

@ARTICLE{Meurers02,
  AUTHOR = {Meurers, Walt Detmar},
  DATE = {2002},
  JOURNALTITLE = {Nordic Journal of Linguistics},
  NUMBER = {2},
  TITLE = {On expressing lexical generalizations in {HPSG}},
  VOLUME = {24},
}

@ARTICLE{Miller97,
  AUTHOR = {Miller, Philip and Sag, Ivan A.},
  LOCATION = {Dordrecht},
  PUBLISHER = {Kluwer Academic Press},
  DATE = {1997},
  JOURNALTITLE = {Natural Language and Linguistic Theory},
  NUMBER = {3},
  PAGES = {573--639},
  TITLE = {French clitic movement without clitics or movement},
  VOLUME = {15},
}

@THESIS{Noyer92,
  AUTHOR = {Noyer, Rolf},
  INSTITUTION = {MIT},
  DATE = {1992},
  TITLE = {Features, positions and affixes in autonomous morphological structure},
  TYPE = {phdthesis},
}

@BOOK{Pollard87,
  AUTHOR = {Pollard, Carl and Sag, Ivan A.},
  LOCATION = {Stanford, CA},
  PUBLISHER = {CSLI Publications},
  DATE = {1987},
  TITLE = {Information-based syntax and semantics},
}

@BOOK{Pollard94,
  AUTHOR = {Pollard, Carl and Sag, Ivan A.},
  LOCATION = {Stanford, CA},
  PUBLISHER = {CSLI Publications; The University of Chicago Press},
  DATE = {1994},
  TITLE = {{Head-driven Phrase Structure Grammar}},
}

@UNPUBLISHED{Prince93,
  AUTHOR = {Prince, Alan and Smolensky, Paul},
  INSTITUTION = {Rutgers University and University of Colorado},
  DATE = {1993},
  TITLE = {Optimality Theory: {C}onstraint interaction in {Generative Grammar}},
}

@ARTICLE{Riehemann98,
  AUTHOR = {Riehemann, Susanne},
  LOCATION = {Dordrecht},
  PUBLISHER = {Kluwer Academic Press},
  DATE = {1998},
  JOURNALTITLE = {Journal of Comparative Germanic Linguistics},
  NUMBER = {1},
  PAGES = {49--77},
  TITLE = {Type-based derivational morphology},
  VOLUME = {2},
}

@ARTICLE{Sadler06,
  AUTHOR = {Sadler, Louisa and Nordlinger, Rachel},
  DATE = {2006},
  JOURNALTITLE = {Linguistics},
  NUMBER = {3},
  PAGES = {459--488},
  TITLE = {Case Stacking in Realizational Morphology},
  VOLUME = {44},
}

@INPROCEEDINGS{Samvelian07,
  AUTHOR = {Samvelian, Pollet},
  BOOKTITLE = {Texas Linguistics Society IX},
  DATE = {2007},
  PAGES = {265--285},
  TITLE = {What {Sorani Kurdish} Absolute Prepositions Tell Us about Cliticization},
}

@BOOK{Spencer91,
  AUTHOR = {Spencer, Andrew},
  LOCATION = {Oxford},
  PUBLISHER = {Blackwell},
  DATE = {1991},
  NUMBER = {2},
  SERIES = {Blackwell Textbooks in Linguistics},
  TITLE = {Morphological Theory},
}

@ARTICLE{Spencer05,
  AUTHOR = {Spencer, Andrew},
  DATE = {2005},
  JOURNALTITLE = {Lingue e Linguaggio},
  PAGES = {179--193},
  TITLE = {Inflecting clitics in Generalized Paradigm Function Morphology},
  VOLUME = {4},
}

@INCOLLECTION{Stump93,
  AUTHOR = {Stump, Gregory T.},
  EDITOR = {Booij, Geert E. and van Marle, Jaap},
  LOCATION = {Dordrecht},
  PUBLISHER = {Kluwer},
  BOOKTITLE = {Yearbook of Morphology 1992},
  DATE = {1993},
  PAGES = {129--180},
  TITLE = {Position classes and morphological theory},
}

@BOOK{Stump01,
  AUTHOR = {Stump, Gregory T.},
  LOCATION = {Cambridge},
  PUBLISHER = {Cambridge University Press},
  DATE = {2001},
  NUMBER = {93},
  SERIES = {Cambridge Studies in Linguistics},
  TITLE = {Inflectional Morphology. {A} Theory of Paradigm Structure},
}

@INPROCEEDINGS{Tribout10,
  AUTHOR = {Tribout, Delphine},
  EDITOR = {Müller, Stefan},
  LOCATION = {Stanford, CA},
  PUBLISHER = {CSLI Publications},
  BOOKTITLE = {Proceedings of the 17th International Conference on Head-driven Phrase Structure Grammar},
  DATE = {2010},
  PAGES = {341--357},
  TITLE = {How many conversions from verb to noun are there in {French}?},
}

@BOOK{van-eynde_f94,
  AUTHOR = {van Eynde, Frank},
  PUBLISHER = {Department of Linguistics, University of Leuven},
  DATE = {1994},
  NOTE = {Habilitationsschrift},
  TITLE = {Auxiliaries and Verbal Affixes. A monostratal cross-linguistic analysis},
}

@COMMENT{BibDesk URL Groups{ <?xml version="1.0" encoding="UTF-8"?> <!DOCTYPE plist PUBLIC "-//Apple//DTD PLIST 1.0//EN" "http://www.apple.com/DTDs/PropertyList-1.0.dtd"> <plist version="1.0"> <array> <dict> <key>URL</key> <string>file://localhost/Users/olivier/Fichiers/Recherche/Publis/2010/Budapest/a0poster/poster-budapest.tex</string> <key>group name</key> <string>poster-budapest.tex</string> </dict> </array> </plist> }}
