% Encoding: UTF-8

@InCollection{Chung98a-u-duplicate-removed,
  author	= {Chan Chung},
  crossref	= {HKN98a-ed},
  pages		= {159--220},
  title		= {Argument Composition and Long-Distance Scrambling in
		  {Korean}}
}

@INPROCEEDINGS{Borsley:06,
  AUTHOR =       {Borsley, Robert},
  TITLE =        {A linear approach to negative prominence},
  pages =        {60--80},
  crossref = {Mueller2006a-ed},
}

@INPROCEEDINGS{CB:11,
  AUTHOR =       {Crowgey, Joshua and Emily Bender},
  TITLE =        {Analyzing Interacting Phenomena: {Word} Order and Negation in {Basque}},
  pages =        {46--59},
  crossref = {Mueller2011a-ed},
}

@INPROCEEDINGS{Crysmann:10,
  AUTHOR =       {Crowgey, Berthold},
  TITLE =        {Discontinuous Negation in {Hausa}},
  pages =        {269--287},
  crossref = {Mueller2010a-ed},
}

@INPROCEEDINGS{PK:99,
  AUTHOR =       {Przepi\'{o}rkowski, Adam and Anna Kup\'{s}\'{c}},
  TITLE =        {Eventuality Negation and Negative Concord in {Polish} and {Italian}},
  pages =        {211--246},
  crossref = {BP99a-ed},
}

@Article{kim:18,
  author  = {Kim, Jong-Bok},
  title   = {Expressing Sentential Negation Across Languages: {A} Construction-based {HPSG} Approach},
  journal = {Linguistic Research},
  year    = {2018},
  volume  = {35},
  number  = {3},
  pages   = {583--623},
}


@ARTICLE{kimsells:2011-incomplete-removed,
  author =       {Kim, Jong-Bok and Peter Sells},
  title =        {The {Big Mess Construction}: {Interactions} Between the Lexicon and Constructions},
  journal =      {English Language and Linguistics},
  year =         {2011},
  volume =       {15},
    pages =        {335--362},
  }


@unpublished{AG:94,
 author = {Abeill\'{e}, Anne and Dani\`{e}le Godard},
 year = {1994},
 title = {The Syntax of {French} Auxiliaries},
 note = {Ms. UFRL and CNRS, Universit\'{e} Paris 7}}


@ARTICLE{AG:2002,
  AUTHOR =       {Abeill\'{e}, Anne and Dani\`{e}le Godard},
  TITLE =        {The Syntactic Structure of {French} Auxiliaries},
  JOURNAL =      {Language},
  YEAR =         {2002},
  volume =       {78},
  number =       {3},
  pages =        {404--452},
 }

@InCollection{AG:97,
author= {Abeill\'{e}, Anne and Dani\`{e}le Godard},
title={The Syntax of {French} Negative Adverbs},
year = {1997},
booktitle = {Negation and Polarity: {Syntax} and Semantics},
editor = {M.-L. Rivero},
publisher = {Amsterdam: John Benjamins},
pages = {1--27}}

@article{Dryer:05,
 author = {Dryer, Matthew S},
 journal = {The World Atlas of Language Structures},
 volume = {},
 pages = {454--457},
 title = {Negative Morphemes},
 year = {2005}}

@article{Pollock:89,
 journal = {Linguistic Inquiry},
 volume = {20},
 pages = {365--424},
 title = {Verb Movement, {Universal Grammar}, and the Structure of {IP}},
 author = {Pollock, Jean-Yves},
 year = {1989}}

@InCollection{Pollock:94-incomplete-removed-wrong-title,
  author    = {Pollock, Jean-Yves},
  title     = {Checking Theory and Bare Verbs Studies in Honor of {Richard S. Kayne}},
  booktitle = {Paths towards {Universal Grammar}},
  publisher = {Georgetown University Press},
  year      = {1994},
  editor    = {Cinque, Gulielmo et al},
  pages     = {293--310},
}

@article{Emonds:78,
 journal = {Linguistic Inquiry},
 volume = {9},
 pages = {151--175},
 title = {The Verbal Complex {V$'$}-V in French},
 author = {Emonds, Joseph},
 year = {1978}}

@BOOK{Belletti:90,
  author =       {Belletti, Adriana},
  TITLE =        {Generalized Verb Movement},
  PUBLISHER =    {Torino: Rosenberg and Sellier},
  YEAR =         {1990}}

@phdthesis{Zanuttini:91,
  author = {Zanuttini, Raffaella},
  title  = {Syntactic Properties of Sentential Negation: {A} Comparative Studies of {Romance} Languages},
  type = {PhD  Dissertation},
  school = {University of Pennsylvania},
  year = {1991}}

@InCollection{Zanuttini:97,
author= {Raffaella Zanuttini},
title={Negation and Verb Movement},
year = {1997},
booktitle = {The New Comparative Syntax},
editor = {Liliane Hageman},
address = {London},
publisher = {Longman},
pages = {214--245}}

@Book{Zanuttini:01-book,
  title     = {Negation and Clausal Structure},
  publisher = {Oxford University Press},
  year      = {2001},
  author    = {Raffaella Zanuttini},
  address   = {Oxford},
}

@BOOK{Baker:89,
  author =       {Baker, Curtis L.},
  TITLE =        {English Syntax},
  address =    {Cambridge, MA},
  publisher = {The MIT Press},
  YEAR =         {1989}}

@article{Baker:91,
 journal = {Linguistic Inquiry},
 volume = {22},
 pages = {387--429},
 title = {The Syntax of {English} \emph{not}: {The} Limits of Core Grammar},
 author = {Baker, Curtis L.},
 year = {1991}}



@article{BJ:00-wrong,
 journal = {Transactions of the Philological Society},
 volume = {98},
 number = 1,
 pages = {15--47},
 title = {The Syntax of {Welsh} Negation},
 author = {Borsley, Robert and Bob Jones},
 year = {2000}}

@article{Bo:14,
 author = {Bo\v{s}kovi\'{c}, \v{Z}eljko},
 journal = {Linguistic inquiry},
 volume = {45},
 number = 1,
 pages = {27--89},
 title = {Now I'm a phase, now I'm not a phase: {On} the variability of phases with extraction and ellipsis},
 year = {2014}}

@PhdThesis{Bratt:96,
  author = {Bratt, Elizabeth Owen},
  title  = {Argument Composition and the Lexicon: {Lexical} and Periphrastic Causatives in {Korean}},
  school = {Stanford University},
  year   = {1996},
  type   = {PhD Dissertation},
}

@Article{BM:95,
  author  = {Bresnan, Joan and Sam A. Mchombo},
  title   = {The Lexical Integrity Principle: {Evidence} from {Bantu}},
  journal = {Natural Language and Linguistic Theory},
  year    = {1991},
  volume  = {13},
  pages   = {181--254},
}


 @InCollection{BW:13,
  author	= {Olivier Bonami and Gert Webelhuth},
  title		= {The Phrase-Structural Diversity of Periphrasis: {A} Lexicalist Account},
  BOOKTITLE =    {Periphrasis: {The} Role of Syntax and Morphology in Paradigms},
  address   = {Oxford},
  PUBLISHER =    {Oxford University Press},
  YEAR =         {2013},
  editor =       {Marina Chumakina and Greville G. Corbett},
  pages =        {141--167}
}






@InCollection{Bresnan:01,
author= {Bresnan, Joan},
title={Explaining Morphosyntactic Competition},
year = {2001},
booktitle = {Handbook of Contemporary Syntactic Theory},
editor = {Mark Baltin and Chris Collins},
address = {Oxford}, 
publisher = {Blackwell Publishers},
pages = {11--44}}

@InCollection{Chomsky:89-removed,
author= {Chomsky, Noam},
title={Some Notes on Economy of Derivation and Representation},
year = {1989},
booktitle = {MIT Working Papers in Linguistics},
editor = {I. Laka and A. Mahajan},
publisher = {Cambridge: Department of Linguistics and Philosophy, MIT},
pages = {43--74}}


@InCollection{Chomsky:91-removed,
author= {Chomsky, Noam},
title={Some Notes on Economy of Derivation and Representation},
year = {1991},
booktitle = {Principles and Parameters in Comparative Grammar},
editor = {R. Friedin},
publisher = {Cambridge, MA: The MIT Press},
pages = {417--454}}

@InCollection{Chomsky:93,
author= {Chomsky, Noam},
title={A Minimalist Program for Linguistic Theory},
year = {1993},
booktitle = {The View from Building},
editor = {Kenneth Hale and Samuel Keyser},
publisher = {Cambridge, MA: MIT Press. Reprinted in Chomsky 1995},
pages = {1--52}}

@Book{Chomsky:95-book,
  title     = {The Minimalist Program},
  publisher = {Cambridge, MA: The MIT Press},
  year      = {1995},
  author    = {Chomsky, Noam},
}

@InCollection{Chomsky:00-mini-inq,
author = {Chomsky, Noam},
title ={Minimalist Inquiries: The Framework},
year = {2000},
booktitle = {Step by Step:Essays on Minimalist Syntax in Honor of Howard Lasnik},
editor = {R. Martin, D. Michaels and J. Uriagereka},
publisher = {Cambridge, MA: The MIT Press},
pages = {89--155}}


@Book{		  HKN98a-ed-duplicate-removed,
  address	= {San Diego},
  booktitle	= {Complex Predicates in Nonderivational Syntax},
  editor	= {Erhard W. Hinrichs and Andreas Kathol and Tsuneko
		  Nakazawa},
  number	= {30},
  publisher	= {Academic Press},
  series	= {Syntax and Semantics},
  title		= {Complex Predicates in Nonderivational Syntax},
  year		= {1998}
}


@article{Chung:98,
 journal = {Japanese/Korean Linguistics},
 volume = {7},
 pages = {293--309},
 title = {WH-scope identification via quasi-binding},
 author = {Chung, Daeho},
 year = {1998}}

@BOOK{Cinque:99,
  author =       {Cinque, Guglielmo},
  TITLE =        {Adverbs and Functional Heads: A Cross-Linguistic Perspective},
  PUBLISHER =    {Oxford: Oxford University Press},
  YEAR =         {1999}}


@article{Dahl:79,
 journal = {Linguistics},
 volume = {17},
 pages = {79--106},
 title = {Typology of Sentence Negation},
 author = {Dahl, \"{O}sten},
 year = {1979}}

@Article{Ernst:92,
  author  = {Ernst, Thomas},
  title   = {The Phrase Structure of {English} Negation},
  journal = {Linguistic Review},
  year    = {1992},
  volume  = {9},
  pages   = {109--144},
}


@article{GM:96,
 journal = {Journal of Linguistics},
 volume = {32},
 pages = {43--56},
 title = {Auxiliary Inversions and the Notion 'Default Specification},
 author = {Green, Georgia M. and Jerry L. Morgan},
 year = {1996}}

@BOOK{Haegeman:95,
  author =       {Haegeman, Liliane},
  TITLE =        {The Syntax of Negation},
  PUBLISHER =    {Cambridge University Press, Cambridge},
  YEAR =         {1995}}

@InCollection{Haegeman:97,
author= {Haegeman, Liliane},
title={The Syntax of N-Words and the Neg Criterion},
year = {1997},
booktitle = {Negation and Polarity: Syntax and Semantics},
editor = {D. Forget, P. Hirschbuhler, F. Martineau and M.-L.Rivero},
publisher = {John Benjamins, Amsterdam},
pages = {115--137}}

@Article{Hagstrom:97,
  author  = {Hagstrom, Paul},
  title   = {Scope interactions and phrasal movement in {Korean} negation},
  journal = {Harvard studies in Korean linguistics},
  year    = {1997},
  volume  = {7},
  pages   = {254--268},
}

@Article{Hagstrom:02,
  author  = {Hagstrom, Paul},
  title   = {Implications of child errors for the syntax of negation in {Korean}},
  journal = {Journal of East Asian Linguistics},
  year    = {2002},
  volume  = {11(3)},
  pages   = {211--242},
}

@Article{Han:07,
  author  = {Han, Chung-hye and Lidz Jeffrey and Julien Musolino},
  title   = {V-raising and grammar competition in {Korean}: Evidence from negation and quantifier scope},
  journal = {Linguistic Inquiry},
  year    = {2007},
  volume  = {38(1)},
  pages   = {1--47},
}


@article{Hilpert:16,
 journal = {Constructions and Frames},
 volume = {8(1)},
 pages = {66--85},
 title = {Change in modal meanings},
 author = {Hilpert, Martin},
 year = {2016}}

@Article{HP:88,
  author  = {Holmberg, Anders and Christer},
  title   = {On the Role of Inflection in {Scandinavian} Syntax},
  journal = {Working Papers in Scandinavian Syntax},
  year    = {1988},
  volume  = {42},
  pages   = {25--42},
}

@BOOK{Horn:89,
  author =       {Horn, Laurence R},
  TITLE =        {A Natural History of Negation},
  PUBLISHER =    {Chicago: University of Chicago Press},
  YEAR =         {1989}}

@article{Kato:97,
 journal = {Language},
 volume = {73},
 pages = {391--394},
 title = {Review of The Syntax of Negation by L.Haegeman},
 author = {Kato, Yasuhiko},
 year = {1997}}

@InCollection{Kato:00,
author= {Kato, Yasuhiko},
title={Interpretive Asymmetries of Negation},
year = {2000},
booktitle = {Negation and Polarity: {Syntactic} and Semantic Perspective},
editor = {L. R. Horn and Y. Kato},
publisher = {Oxford: Oxford University Press},
pages = {62--87}}


%Kelepir, Meltem. 2001. Topics in Turkish Syntax: Clausal Structure and Scope. MIT
%Ph.D. dissertation. Cambridge, MA.

@PHDTHESIS{kelepir,
  AUTHOR =       {Kelepir, Meltem},
  TITLE =        {Topics in {Turkish} Syntax: {Clausal} Structure and Scope},
  SCHOOL =       {MIT},
  YEAR =         {2001},
}




@BOOK{Kim:00,
  author =       {Kim, Jong-Bok},
  TITLE =        {The Grammar of Negation: {A} Constraint-Based Grammar},
  address   = stanford,
  PUBLISHER =    cslip,
  YEAR =         {2000}}

@Book{Kim:16,
  title     = {The Syntactic Structures of {Korean}: A Construction Based Perspective},
  publisher = {Cambridge: Cambridge University Press},
  year      = {2016},
  author    = {Kim, Jong-Bok},
}




@article{KS:02-wrong-removed,
 journal = {Natural Language and Linguistic Theory},
 volume = {20(2)},
 pages = {339--412},
 title = {Negation without Head Movement},
 author = {Kim, Jong-Bok and Ivan A. Sag},
 year = {2002}}


@BOOK{KS:08-removed,
  author =       {Kim, Jong-Bok and Peter Sells},
  TITLE =        {English syntax: {An} Introduction},
  PUBLISHER =    {Stanford: CSLI Publications},
  YEAR =         {2008}}

@Book{KM,
  title     = {Syntactic Constructions in {English}},
  publisher = {Cambridge: Cambridge University Press},
  year      = {2018},
  author    = {Kim, Jong-Bok and Laura Michalies},
  note      = {To appear},
}

@InCollection{Klima:64,
  author    = {Klima, Edward S},
  title     = {Negation in {English}},
  booktitle = {The Structure of Language: Readings in the Philosophy of Language},
  publisher = {Englewood Cliffs, NJ: Prentice-Hall},
  year      = {1964},
  editor    = {J. A. Fodor and J. J. Katz},
  pages     = {246--323},
}

@BOOK{Lasnik:00,
  author =       {Lasnik, Howard},
  TITLE =        {Syntactic Structures Revisited:Contemporary Lectures on Classic Transformational Theory},
  PUBLISHER =    {Cambridge, MA: The MIT},
  YEAR =         {2000}}

@InCollection{Lasnik:95,
author= {Lasnik, Howard},
title={Verbal Morphology: Syntactic Structures Meets the Minimalist Program},
year = {1995},
booktitle = {Evolution and Revolution in Linguistic Theory: Essays in Honor of Charlos Otero},
editor = {H. Campos and P. Kempchinsky},
publisher = {},
pages = {251--275}}


@phdthesis{Miller:91-removed-wrong-cite-published-version,
  author = {Miller, Philip H},
  title  = {Clitics and Constituents in Phrase Structure Grammar},
  type = {PhD  Dissertation},
  school = {SUtrecht Universit},
  year = {1991}}

@article{Mitchell:91,
 journal = {Linguistic Inquiry},
 volume = {22},
 pages = {373--379},
 title = {Evidence from {Finnish} for {Pollock's} Theory of {IP}},
 author = {Mitchell, Erika},
 year = {1991}}

@InCollection{Monachesi:93,
author= {Monachesi, Paola},
title={Object Clitics and Clitic Climbing in {Italian} {HPSG} Grammar},
year = {1993},
booktitle = {Proceedings of {\it the sixth conference on European chapter of the Association for Computational Linguistics}},
publisher = {Association for Computational Linguistics},
pages = {437--442}}


@article{Monachesi:98,
 journal = {Syntax and Semantics},
 volume = {30},
 pages = {313--368},
 title = {Italian restructuring verbs: A lexical analysis. Complex Predicates in Nonderivational Syntax},
 author = {Monachesi, Paola},
 year = {1998}}

@BOOK{Muller:16-wrong-incomplete-removed,
  author =       {M\"{u}ller, Stefan},
  TITLE =        {Grammatical theory: From transformational grammar to constraint-based approaches},
  PUBLISHER =    {Berlin: Language Science Press},
  YEAR =         {2016}}

@Book{Nino:94,
  title     = {A Morphologically Based Approach to Split inflection in {Finnish}},
  publisher = {MS, Stanford university},
  year      = {1994},
  author    = {Ni\~{n}o, Mar\'{i}a-Eugenia},
}


@InCollection{Payne:85,
author= {Payne, John R},
title={Negation},
year = {1985},
booktitle = {Language Typology and Syntactic Description 1: Clause Structure},
editor = {Timothy Shopen},
publisher = {Cambridge: Cambridge University Press},
pages = {197--242}}

@InCollection{Platzack:86,
author= {Platzack, Christer},
title={COMP, INFL, and Germanic word order},
year = {1986},
booktitle = {Topics in Scandinavian syntax},
editor = {},
publisher = {Dordrecht: Springer},
pages = {185--234}}



@InCollection{Pollock:97a-incomplete-removed,
author= {Pollock, Jean-Yves},
title={Notes on Clause Structure},
year = {1997},
booktitle = {Elements of Grammar},
editor = {L. Haegeman},
address = {Dordrecht},
publisher = {Kluwer Academic Publishers},
pages = {--}}

@BOOK{Pollock:97b,
  author =       {Pollock, Jean-Yves},
  TITLE =        {Language et Cognition},
  PUBLISHER =    {Paris: Presses Universitaires de France},
  YEAR =         {1997}}


@article{Sag:12-wrong,
 journal = {Sign-based construction grammar},
 volume = {193},
 pages = {69--202},
 title = {Sign-based construction grammar: An informal synopsis},
 author = {Sag, Ivan A},
 year = {2012}}

@article{Eynde:07,
 author = {Van Eynde, Frank},
 title = {The big mess construction},
 year = {2007},
 pages = {415--433},
 journal = {The Proceedings of {\it the 14th International Conference on Head-Driven Phrase Structure Grammar}},
}

@Article{Vasishth:00,
  author  = {Vasishth, Shravan},
  title   = {Word order, negation and negative polarity in {Hindi}},
  journal = {OSU Working Papers in Linguistics},
  year    = {2000},
  volume  = {53},
  pages   = {108--131},
}

@InCollection{Vikner:94,
  author    = {Vikner, Sten},
  title     = {Finite verb movement in {Scandinavian} embedded clauses},
  booktitle = {Verb movement},
  publisher = {Cambridge: Cambridge University Press},
  year      = {1994},
  editor    = {D. Lightfoot and N. Horstein},
  pages     = {117--147},
}

@InCollection{Vikner:97-incomplete-removed,
author= {Vikner, Sten},
title={{V$^{0}$} to {I$^{0}$} Movement and Inflection for Person in All Tenses},
year = {1997},
booktitle = {The New Comparative Syntax},
editor = {L. Haegeman},
publisher = {London and New York: Longman},
pages = {--}}



@InCollection{Warner:00-incomplete-removed,
author= {Warner, Anthony},
title={English Auxiliaries Without Lexical Rules},
year = {2000},
booktitle = {The Nature and Function of Syntactic Categories},
editor = {R. Borsley},
publisher = {New York: Academic Press},
pages = {167--218}}

@INCOLLECTION{Warner:00-wrong-removed,
  AUTHOR =       {Warner, Anthony},
  TITLE =        {English Auxiliaries without lexical rules},
  BOOKTITLE =    {Syntax and Semantics},
  PUBLISHER =    {San Diego: Academic Press},
  YEAR =         {2000},
  editor =       {Borsley, Robert},
  volume =       {32},
  pages =        {167-220},
}

@Article{ZP:83,
  author  = {Arnold M. Zwicky and Geoffrey K. Pullum},
  title   = {Cliticization vs. Inflection: {English} n't},
  journal = {Language},
  year    = {1983},
  volume  = {59},
  pages   = {502--513},
}

@Article{Zeijlstra:07,
  author  = {Hedde Zeijlstra},
  title   = {On {French} Negation},
  journal = {Berkeley Linguistic Society},
  year    = {2007},
  volume  = {35},
  pages   = {447--458},
}

@InCollection{Zeijlstra:15,
  author    = {Hedde Zeijlstra},
  booktitle = {The International Syntax Handbook},
  publisher = {Berlin: Mouton de Gruyter},
  title     = {The morpho-syntactic realization of sentential negation},
  year      = {2015},
  editor    = {A. Alexiadou and T. Kiss},
  pages     = {275--310},
}

@InProceedings{Crowgey:12,
  author       = {Joshua Crowgey},
  title        = {An a priori Typology of Sentential Negation from an {HPSG} Perspective},
  booktitle    = {The Proceedings of The 19th International Conference on Head-Driven Phrase Structure Grammar},
  year         = {2012},
  editor       = {Stefan M\"{u}ller},
  organization = {Standford, CA: CSLI Publications},
}

@InProceedings{Lopez:94,
  author       = {Joshua Crowgey},
  title        = {The syntactic licensing of VP=ellipsis: {A} comparative study of {Spanish} and {English}},
  booktitle    = {Issues and theory in Roman linguistics: {Selected} papers from the Linguistic Symposium on Romance Languages XXIII},
  year         = {1994},
  editor       = {Frank Drijkoningen},
  organization = {Washington DC: Georgetown University Press},
}


@BOOK{Borsley:05,
  AUTHOR =       {Borsley, Robert and Bob Jones},
  TITLE =        {Welsh negation and grammatical theory},
  address = {Cardiff},
  PUBLISHER =    {University of Wales Press},
  YEAR =         {2005},
}

@Article{Swart:06,
  author  = {de Swart, Henriëtte},
  title   = {Review of {Robert D. Borsley and Bob Morris Jones, {Welsh} negation and grammatical theory}},
  journal = {Journal of Linguistics},
  year    = {2006},
  volume  = {42},
  pages   = {439-444},
}

@ARTICLE{Swart:02-incomplete-removed,
  AUTHOR =       {De Swart, Henriette and Ivan Sag},
  TITLE =        {Negation and negative concord in Romance},
  JOURNAL =      {Linguistics and Philosophy},
  YEAR =         {2002},
  volume =       {25},
  pages =        {373-417},
}

@InCollection{Bender:13,
  author    = {Bender, Emily and Alex Lascarides},
  title     = {On modeling scope of inflectional negation},
  booktitle = {The Core and the Periphery: Data-driven Perspectives on Syntax Inspired by {Ivan} {A.} {Sag}},
  publisher = {Stanford: CSLI Publications},
  year      = {2013},
  editor    = {Norcliffe, Elisabeth and Philip Hofmeister},
  pages     = {101-124},
}

@Article{BK:12,
  author  = {Borsley, Robert and Mohamed Krer},
  title   = {An {HPSG} Approach to Negation in {Libyan} {Arabic}},
  journal = {Essex Research Reports in Linguistics},
  year    = {2012},
  volume  = {61},
  number  = {2},
  pages   = {1-24},
}

@InProceedings{Kupsc:02,
  author    = {Kup\'{s}\'{c}, Anna and Adam Przepi\'{o}rkowski},
  title     = {Morphological Aspects of Verbal Negation in {Polish}},
  booktitle = {Current Approaches to Formal Slavic Linguistics},
  year      = {2002},
  editor    = {Kosta, Peter and Jens Frasek},
  pages     = {337-346},
  publisher = {Frankfurt: Peter Lang},
}

@ARTICLE{Prz:00-incomplete-removed-wrong-pages,
  AUTHOR =       {Przepi\'{o}rkowski, Adam},
  TITLE =        {Long Distance Genitive of Negation in {Polish}},
  JOURNAL =      {Journal of Slavic Linguistics},
  YEAR =         {2000},
  volume =       {8},
  pages =        {151-189},
}

@INPROCEEDINGS{Prz:01,
  AUTHOR =       {Przepi\'{o}rkowski, Adam},
  TITLE =        {Optional and multiple Long Distance Genitive of Negation in {Polish}},
  BOOKTITLE =    {Current Issues in Formal Slavic Linguistics},
  YEAR =         {2001},
  editor =       {Zybatow, Gerhild and Uwe Junghanns and Grit Mehlhorn and Luka Szucsich},
  pages =        {337-346},
  publisher =    {Frankfurt: Peter Lang},
}


@BOOK{Jackendoff:72,
  AUTHOR =       {Jackendoff, Ray},
  TITLE =        {Semantic Interpretation in Generative Grammar},
  PUBLISHER =    {The MIT Press},
  YEAR =         {1972},
}

@INBOOK{Newmeyer:2006,
  author =       {Newmeyer, Fredrick},
  editor =       {Betty Birner and Gregory Ward},
  booktitle =  {Boundaries of Meaning: {Neo-Gricean} Studies in Pragmatics and Semantics in Honor of {Laurence R. Horn}},
  title =      {Negation and Modularity},
  pages =        {247--268},
  publisher =    Benjamins,
  year =         {2006}}


@INBOOK{BL:13,
  author =       {Bender, Emily and Alex Lascarides},
  title =        {The Core and the Periphery: DATA-DRIVEN PERSPECTIVES ON SYNTAX INSPIRED BY IVAN A. SAG},
  chapter =      {On modelling scope of inflectional negation},
  editor =       {Philp Hofmeister and Elisabeth Norcliffe},
  title =        {On modelling scope of inflectional negation},
  pages =        {101-124},
  publisher =    {Stanford, CA: CSLI Publication},
  year =         {2013}}


@BOOK{Kathol:00-removed,
  AUTHOR =       {Kathol, Andreas},
  TITLE =        {Linear syntax},
  PUBLISHER =    {Oxford University Press},
  YEAR =         {2000},
}

@Book{kimmichaelis:2020,
  title     = {Syntactic constructions in {English}},
  publisher = {Cambridge University Press},
  year      = {2020},
  author    = {Kim, Jong-Bok and Laura A. Michaelis},
  address   = {Cambridge},
}

@InCollection{Zanuttini:2001,
  author    = {Raffaella Zanuttini},
  title     = {Sentential Negation},
  booktitle = {The Handbook of Contemporary Syntactic Theory},
  publisher = {Blackwell},
  year      = {2001},
  editor    = {Mark Baltin and Chris Collins},
  pages     = {511-535},
  address   = {Cambridge},
}

@InProceedings{KS:96,
  author    = {Kim, Jong-Bok and Ivan A. Sag},
  title     = {The Parametric Variation of {English} and {French} negation},
  booktitle = {Proceedings of the Fourteenth Annual Meeting of the West Coast Conference on Formal Linguistics.},
  year      = {1996},
  pages     = {303-317},
  address   = {Stanford},
  publisher = {CSLI Publications},
}

@InCollection{Goldard2004,
  author    = {Dani\`{e}le Goldard},
  booktitle = {Handbook of {French} semantics},
  publisher = {CSLI Publications},
  title     = {French negative dependency},
  year      = {2004},
}

@InCollection{Godard2004,
  author    = {Dani\`{e}le Godard},
  booktitle = {French negative dependency},
  publisher = {CSLI Publications},
  title     = {Handbook of {French} Semantics},
  year      = {2004},
  address   = {Stanford},
  editor    = {Francis Corblin and Henriette de Swart},
  page      = {351-390},
}

@Comment{jabref-meta: databaseType:bibtex;}
