
@InCollection{Abeilleetal04,
  author =     {Abeill\'e, Anne and Bonami, Olivier and Godard, Dani\`ele and Tseng, Jesse},
  title =      {The syntax of {F}rench {N}' phrases},
  booktitle =  {{Proceedings of the 11th International Conference on Head-driven Phrase Structure Grammar}},
  publisher =  {CSLI Publications},
  editor =     {M\"uller, Stefan},
  year =       2004,
  address =    {Stanford},
  pages =      {6--26}
}

@PhdThesis{Abney87,
  author =       {Abney, Stephen},
  title =        {The {E}nglish noun phrase in its sentential aspects},
  school =       {MIT},
  year =         1987
}	  		  
		  
@InCollection{Allegranza98-removed-wrong-incomplete,
  author = 	 {Allegranza, Valerio},
  title = 	 {Determiners as Functors: {NP} Structure in {Italian}},
  booktitle = 	 {Romance in {HPSG}},
  publisher = 	 {CSLI Publications},
  year = 	 {1998},
  editor =	 {Balari, Sergio and Dini, Luca},
  address =	 {Stanford},
  pages =        {55--107}
}		  
		  
@Book{Allegranza06-wrong-removed-incomplete,
  author =	 {Allegranza, Valerio},
  title = 	 {The Signs of Determination: {C}onstraint-based Modelling Across Languages},
  publisher = 	 {Peter Lang},
  year = 	 2006
}
	  		
@InCollection{ArnoldSadler14,
  author = 	 {Arnold, Doug and Sadler, Louisa},
  title = 	 {The Big Mess Construction},
  booktitle = 	 {Proceedings of the {LFG14} Conference},
  editor =       {Miriam Butt and Tracy Holloway King},
  year = 	 2014,
  publisher =    {CSLI Publications},
  address = 	 {Stanford}
}
		  
@InCollection{ArnoldSpencer2015,
  author =     {Arnold, Doug and Spencer, Andrew},
  title =      {A constructional analysis for the skeptical},
  booktitle =  {{Proceedings of the 22nd International Conference on Head-driven Phrase Structure Grammar}},
  publisher =  {CSLI Publications},
  editor =     {M\"uller, Stefan},
  year =       2015,
  address =    {Stanford},
  pages =      {41--60}
}

@PhdThesis{Berman74,
  author =       {Berman, Judith},
  title =        {Adjectives and adjective complement constructions in {E}nglish},
  school =       {Harvard University},
  year =         1974
}	  
	
@Article{Bouma88,
  author = 	 {Bouma, Gosse},
  title = 	 {Modifiers and specifiers in {C}ategorial {U}nification {G}rammar},
  journal = 	 {Linguistics},
  year = 	 1988,
  volume = 	 {26},
  pages = 	 {21--46}
}

@Book{Bresnan00,
  author =	 {Bresnan, Joan},
  title = 	 {Lexical {F}unctional {S}yntax},
  publisher = 	 {Blackwell},
  year = 	 2001
}

@Book{Chomsky57,
  author =       {Chomsky, Noam},
  title =        {Syntactic structures},
  publisher =    {Mouton},
  year =         1957,
  address =      {The Hague}
}		  
  
@InCollection{Chomsky70,
  author = 	 {Chomsky, Noam},
  title = 	 {Remarks on nominalization},
  booktitle = 	 {Readings in {E}nglish transformational grammar},
  publisher = 	 {Ginn and Company},
  year = 	 {1970},
  editor =	 {Jacobs, R.A. and Rosenbaum, P.S.},
  address =	 {Waltham, Mass.},
  pages =        {184-221}
}
  
@Book{Chomsky81,
  author =       {Chomsky, Noam},
  title =        {Lectures on {G}overnment and {B}inding},
  publisher =    {Foris Publications},
  year =         1981,
  address =      {Dordrecht}
}
		  
@Article{Chomsky13-removed,
  author = 	 {Chomsky, Noam},
  title = 	 {Problems of projection},
  journal = 	 {Lingua},
  year = 	 2013,
  volume = 	 {130},
  pages = 	 {33--49}
}		
		   		  
@Book{GPSG85-wrong-removed,
  author =       {Gazdar, Gerald and Klein, Ewan and Pullum, Geoff and Sag, Ivan},
  title =        {Generalized {P}hrase {S}tructure {G}rammar},
  publisher =    {Blackwell},
  year =         1985,
  address =      {Oxford}
}

@Book{GS00-duplicate-removed-np,
  author =       {Ginzburg, Jonathan and Sag, Ivan},
  title =        {Interrogative Investigations},
  publisher =    {CSLI Publications},
  year =         2000,
  address =      {Stanford}
}
		  		  
@Book{Hudson90,
  author =	 {Hudson, Richard},
  title = 	 {English {Word Grammar}},
  publisher = 	 {Blackwell},
  address =	 {Oxford},		  
  year = 	 1990
}		 
		  		  
@Book{Jackendoff77,
  author =	 {Jackendoff, Ray},
  title = 	 {X-bar {S}yntax. {A} study of phrase structure},
  publisher = 	 {MIT Press},
  address =	 {Cambridge},		  
  year = 	 1977
}

@InCollection{KaySag12,
  author = 	 {Kay, Paul and Sag, Ivan},
  title = 	 {Cleaning up the big mess: {Discontinuous} dependencies and complex determiners},
  booktitle = 	 {Sign-{B}ased {C}onstruction {G}rammar},
  editor = 	 {Boas, Hans and Sag, Ivan},
  year =         {2012},
  publisher = 	 {CSLI Publications},
  address =	 {Stanford},
  pages =	 {229--256}
}	

@Article{Kim12,
  author = 	 {Kim, Jong-Bok},
  title = 	 {Form and function mismatch in the {E}nglish appositional construction},
  journal = 	 {Language Research},
  year = 	 {2012},
  volume =	 48,
  pages =	 {1--23}
}

@Article{Kim14,
  author = 	 {Kim, Jong-Bok},
  title = 	 {Similarities and differences between the close and loose apposition in {E}nglish},
  journal = 	 {English Language and Linguistics},
  year = 	 {2014},
  volume =	 20,
  pages =	 {79--98}
}
		  
@Article{KimSells11,
  author = 	 {Kim, Jong-Bok and Sells, Peter},
  title = 	 {The Big Mess Construction: Interactions between the lexicon and constructions},
  journal = 	 {English Language and Linguistics},
  year = 	 {2011},
  publisher = 	 {Cambridge UP},
  volume =	 15,
  pages =	 {335--362}
}

@Article{KimSells14,
  author = 	 {Kim, Jong-Bok and Sells, Peter},
  title = 	 {English binominal {NP}s: A construction-based perspective},
  journal = 	 {Journal of Linguistics},
  year = 	 {2014},
  publisher = 	 {Cambridge UP},
  volume =	 15,
  pages =	 {1--33}
}

@InCollection{Maekawa15,
  author =     {Maekawa, Takafumi},
  title =      {Agreement mismatch between sort/kind/type and the determiner},
  booktitle =  {{Proceedings of the 22nd International Conference on Head-driven Phrase Structure Grammar}},
  publisher =  {CSLI Publications},
  editor =     {M\"uller, Stefan},
  year =       2015,
  address =    {Stanford},
  pages =      {136--156}
}

@InCollection{Maekawa16,
  author =     {Maekawa, Takafumi},
  title =      {Seminumerals, determiners and nouns in {E}nglish},
  booktitle =  {{Proceedings of the Joint 2016 Conference on HPSG and LFG}},
  publisher =  {CSLI Publications},
  editor =     {Arnold, Doug and Butt, Miriam and Crysmann, Berthold and Holloway King, Tracy and M\"uller, Stefan},
  year =       2016,
  address =    {Stanford},
  pages =      {422--441}
}
		  
@Book{Malouf00,
  author =     {Malouf, Robert},
  year =       2000,
  title =      {Mixed categories in the hierarchical lexicon}, 
  publisher =  {CSLI Publications},
  address =    {Stanford}
} 

@InCollection{Mueller19-removed,
  author =     {M\"uller, Stefan},
  title =      {Headless in {B}erlin: Headless structures in {H}ead-driven {P}hrase {S}tructure {G}rammar},
  booktitle =  {Headedness and/or grammatical anarchy},
  publisher =  {Language Science Press},
  editor =     {Simon, Horst and Freywald, Ulrike},
  year =       2020,
  address =    {Berlin},
  pages =      {?--?}
}
		  	
@inproceedings{MuellerPredication-removed,
    Address = Stanford,
    Author = {Stefan Müller},
    Booktitle = {Proceedings of the {16th International Conference on Head-Driven Phrase Structure Grammar, University of Göttingen, Germany}},
    Editor = {Stefan Müller},
    Pages = {213--233},
    Publisher = cslip,
    Title = {On Predication},
    Year = {2009}}
	  
@InCollection{NerbonneMullen00,
  author = 	 {Nerbonne, John and Mullen, Tony},
  title = 	 {Null-headed Nominals in {G}erman and {E}nglish},
  booktitle = 	 {Computational {L}inguistics in the {N}etherlands 1998},
  editor = 	 {Van Eynde, Frank and Ineke Schuurman and Ness Schelkens},
  year =         {2000},
  publisher = 	 {Rodopi},
  address =	 {Amsterdam},
  pages =	 {125--146}
}
		  
@InCollection{Netter94-duplicate-removed,
  author = 	 {Netter, Klaus},
  title = 	 {Towards a Theory of Functional Heads: {G}erman Nominal Phrases},
  booktitle = 	 {German in {HPSG}},
  editor = 	 {Nerbonne, John and Klaus Netter and Carl Pollard},
  year =         {1994},
  publisher = 	 {CSLI Publications},
  address =	 {Stanford},
  pages =	 {297--340}
}		  	  
		  
@PhdThesis{Netter96-duplicate-removed,
  author =       {Netter, Klaus},
  title =        {Functional categories in an {HPSG} for {G}erman},
  school =       {Universit\"at des Saarlandes},
  address =      {Saarbr\"ucken},
  year =         {1996}
}

@Book{PS87-removed,
  author =       {Pollard, Carl and Sag, Ivan},
  title =        {Information-based {S}yntax and {S}emantics},
  publisher =    {CSLI Publications},
  year =         1987,
  address =      {Stanford}
}
		  		  
@Book{PS94-removed,
  author = 	 {Pollard, Carl and Sag, Ivan},
  title = 	 {Head-driven {P}hrase {S}tructure {G}rammar},
  publisher = 	 {CSLI Publications and University of Chicago Press},
  year = 	 1994,
  address =	 {Stanford/Chicago}
}
		  
@Book{Quirketal85,
  author =       {Quirk, Randolph and Greenbaum, Sidney and Leech, Geoffrey and Svartvik, Jan},
  title =        {A comprehensive grammar of the {E}nglish language},
  publisher =    {Longman},
  year =         1985,
  address =      {London and New York}
}
		  
@InCollection{Reape94,
  author = 	 {Reape, Michael},
  title = 	 {Domain union and word order variation in {G}erman},
  booktitle = 	 {{German in Head-driven Phrase Structure Grammar}},
  editor = 	 {Nerbonne, John and Klaus Netter and Carl Pollard},
  year =         {1994},
  publisher = 	 {CSLI Publications},
  address =	 {Stanford},
  pages =	 {151-197}
}		  	  	    
		  
@Article{Sag97,
  author = 	 {Sag, Ivan},
  title = 	 {English Relative Clause Constructions},
  journal = 	 {Journal of {L}inguistics},
  year = 	 {1997},
  volume =	 33,
  pages =	 {431--484}
}

@Book{SagWasow03,
  author =       {Sag, Ivan and Wasow, Thomas and Bender, Emily},
  title =        {Syntactic {T}heory. A {F}ormal {I}ntroduction. {S}econd {E}dition},
  publisher =    {CSLI Publications},
  year =         2003,
  address =      {Stanford}
}

@InCollection{Sag2012,
  author = 	 {Sag, Ivan},
  title = 	 {Sign-{B}ased {C}onstruction {G}rammar: an informal synopsis},
  booktitle = 	 {Sign-{B}ased {C}onstruction {G}rammar},
  editor = 	 {Boas, Hans and Sag, Ivan},
  year =         {2012},
  publisher = 	 {CSLI Publications},
  address =	 {Stanford},
  pages =	 {69-202}
}		  

@Article{Troseth09,
  author = 	 {Troseth, Erika},
  title = 	 {Degree inversion and negative intensifier inversion in the {E}nglish {DP}},
  journal = 	 {The {L}inguistic {R}eview},
  year = 	 {2009},
  volume =	 26,
  pages =	 {37--65}
}		  		 		

@InCollection{VanEynde98a,
  author =     {Van Eynde, Frank}, 
  title =      {The Immediate Dominance Schemata of {HPSG}},
  booktitle =  {{Computational Linguistics in the Netherlands 1997}},
  publisher =  {Rodopi},
  editor =     {Coppen, Peter-Arno and van Halteren, Hans and Teunissen, Lisanne},
  year =       1998,
  address =    {Amsterdam/Atlanta},
  pages =      {119--133}
}	  
		  
@InCollection{VanEynde03,
  author =     {Van Eynde, Frank},
  title =      {Prenominals in {D}utch},
  booktitle =  {{Proceedings of the 9th International Conference on Head-driven Phrase Structure Grammar}},
  publisher =  {CSLI Publications},
  editor =     {Kim, Jong-Bok and Wechsler, Steve},
  year =       2003,
  address =    {Stanford},
  pages =      {333--356}
}		  

@Article{VanEynde04-removed-wrong,
  author = 	 {Van Eynde, Frank},
  title = 	 {Minor {A}dpositions in {D}utch},
  journal = 	 {Journal of {C}omparative {G}ermanic {L}inguistics},
  year = 	 {2004},
  volume =	 7,
  pages =	 {1--58}
}

@Article{VanEynde06,
  author = 	 {Van Eynde, Frank},
  title = 	 {N{P}-internal agreement and the structure of the noun phrase},
  journal = 	 {Journal of Linguistics},
  year = 	 {2006},
  volume =	 42,
  pages =	 {139--186}
}

@InCollection{VanEynde07-removed,
  author =     {Van Eynde, Frank},
  title =      {The Big Mess Construction},
  booktitle =  {{Proceedings of the 14th International Conference on Head-driven Phrase Structure Grammar}},
  publisher =  {CSLI Publications},
  editor =     {M\"uller, Stefan},
  year =       2007,
  address =    {Stanford University},
  pages =      {415--433}
}
 			  		  
@Book{VanEynde15-removed,
  author =       {Van Eynde, Frank},
  title =        {Predicative {C}onstructions. {F}rom the {F}regean to a {M}ontagovian Treatment},
  publisher =    {CSLI Publications},
  year =         2015,
  address =      {Stanford}
}

@Article{VanEynde18-removed,
  author = 	 {Van Eynde, Frank},
  title = 	 {Regularity and idiosyncracy in the formation of nominals},
  journal = 	 {Journal of Linguistics},
  year = 	 {2018},
  volume =	 54,
  pages =	 {823--858}
}

@Article{VanEynde2020,
  author = 	 {Van Eynde, Frank},
  title = 	 {Agreement, Disagreement and the {NP} vs.\ {DP} Debate},
  journal = 	 {Glossa: a journal of general linguistics},
  year = 	 {2020},
  volume =	 5,
  optpages =	 {--}
}

@Article{VanEyndeKim16,
  author = 	 {Van Eynde, Frank and Kim, Jong-Bok},
  title = 	 {Loose apposition. {A} construction-based analysis},
  journal = 	 {Functions of {L}anguage},
  year = 	 {2016},
  volume =	 23,
  pages =	 {17--39}
}
 
@Article{Zwicky95,
  author = 	 {Zwicky, Arnold},
  title = 	 {Exceptional degree markers : A puzzle in internal and external syntax},
  journal = 	 {OSU Working Papers in Linguistics},
  volume =       {47},
  year = 	 1995,
  publisher = 	 {Ohio State University},
  pages =        {111--123}
}
		  


		  
		  
		  
		  		  
		  
		  
		  
	
