@article{dummy2040,
author = {Not Me}
}