@incollection{chapters/properties,author={Anne Abeillé  and  Robert D. Borsley},title={{Basic properties and elements}},booktitle={{Head-Driven Phrase Structure Grammar{: The handbook}}},editor={Stefan Müller and  Anne Abeillé and  Robert D. Borsley  and  Jean-​Pierre Koenig},publisher={Language Science Press.},Address={Berlin},year={2020},pages={3--44},doi={??},keywords={withinvolume}}
@incollection{chapters/propertiesfooter,author={Anne Abeillé  and  Robert D. Borsley},title={{Basic properties and elements}},booktitle={{Head-Driven Phrase Structure Grammar{: The handbook}}},editor={Stefan Müller and  Anne Abeillé and  Robert D. Borsley  and  Jean-​Pierre Koenig},publisher={Language Science Press.},Address={Berlin},year={2020},pages={3--44},doi={??},options={dataonly=true}}
@incollection{chapters/evolution,author={Dan Flickinger and  Carl Pollard   and  Tom Wasow},title={{The evolution of HPSG}},booktitle={{Head-Driven Phrase Structure Grammar{: The handbook}}},editor={Stefan Müller and  Anne Abeillé and  Robert D. Borsley  and  Jean-​Pierre Koenig},publisher={Language Science Press.},Address={Berlin},year={2020},pages={45--81},doi={??},keywords={withinvolume}}
@incollection{chapters/evolutionfooter,author={Dan Flickinger and  Carl Pollard   and  Tom Wasow},title={{The evolution of HPSG}},booktitle={{Head-Driven Phrase Structure Grammar{: The handbook}}},editor={Stefan Müller and  Anne Abeillé and  Robert D. Borsley  and  Jean-​Pierre Koenig},publisher={Language Science Press.},Address={Berlin},year={2020},pages={45--81},doi={??},options={dataonly=true}}
@incollection{chapters/formal-background,author={Frank Richter},title={{Formal background}},booktitle={{Head-Driven Phrase Structure Grammar{: The handbook}}},editor={Stefan Müller and  Anne Abeillé and  Robert D. Borsley  and  Jean-​Pierre Koenig},publisher={Language Science Press.},Address={Berlin},year={2020},pages={83--118},doi={??},keywords={withinvolume}}
@incollection{chapters/formal-backgroundfooter,author={Frank Richter},title={{Formal background}},booktitle={{Head-Driven Phrase Structure Grammar{: The handbook}}},editor={Stefan Müller and  Anne Abeillé and  Robert D. Borsley  and  Jean-​Pierre Koenig},publisher={Language Science Press.},Address={Berlin},year={2020},pages={83--118},doi={??},options={dataonly=true}}
@incollection{chapters/lexicon,author={Anthony Davis  and  Jean-Pierre Koenig},title={{The nature and role of the lexicon in HPSG}},booktitle={{Head-Driven Phrase Structure Grammar{: The handbook}}},editor={Stefan Müller and  Anne Abeillé and  Robert D. Borsley  and  Jean-​Pierre Koenig},publisher={Language Science Press.},Address={Berlin},year={2020},pages={119--166},doi={??},keywords={withinvolume}}
@incollection{chapters/lexiconfooter,author={Anthony Davis  and  Jean-Pierre Koenig},title={{The nature and role of the lexicon in HPSG}},booktitle={{Head-Driven Phrase Structure Grammar{: The handbook}}},editor={Stefan Müller and  Anne Abeillé and  Robert D. Borsley  and  Jean-​Pierre Koenig},publisher={Language Science Press.},Address={Berlin},year={2020},pages={119--166},doi={??},options={dataonly=true}}
@incollection{chapters/understudied-languages,author={Douglas L. Ball},title={{HPSG in understudied languages}},booktitle={{Head-Driven Phrase Structure Grammar{: The handbook}}},editor={Stefan Müller and  Anne Abeillé and  Robert D. Borsley  and  Jean-​Pierre Koenig},publisher={Language Science Press.},Address={Berlin},year={2020},pages={167--202},doi={??},keywords={withinvolume}}
@incollection{chapters/understudied-languagesfooter,author={Douglas L. Ball},title={{HPSG in understudied languages}},booktitle={{Head-Driven Phrase Structure Grammar{: The handbook}}},editor={Stefan Müller and  Anne Abeillé and  Robert D. Borsley  and  Jean-​Pierre Koenig},publisher={Language Science Press.},Address={Berlin},year={2020},pages={167--202},doi={??},options={dataonly=true}}
@incollection{chapters/agreement,author={Stephen Wechsler},title={{Agreement}},booktitle={{Head-Driven Phrase Structure Grammar{: The handbook}}},editor={Stefan Müller and  Anne Abeillé and  Robert D. Borsley  and  Jean-​Pierre Koenig},publisher={Language Science Press.},Address={Berlin},year={2020},pages={205--228},doi={??},keywords={withinvolume}}
@incollection{chapters/agreementfooter,author={Stephen Wechsler},title={{Agreement}},booktitle={{Head-Driven Phrase Structure Grammar{: The handbook}}},editor={Stefan Müller and  Anne Abeillé and  Robert D. Borsley  and  Jean-​Pierre Koenig},publisher={Language Science Press.},Address={Berlin},year={2020},pages={205--228},doi={??},options={dataonly=true}}
@incollection{chapters/case,author={Adam Przepiórkowski},title={{Case}},booktitle={{Head-Driven Phrase Structure Grammar{: The handbook}}},editor={Stefan Müller and  Anne Abeillé and  Robert D. Borsley  and  Jean-​Pierre Koenig},publisher={Language Science Press.},Address={Berlin},year={2020},pages={229--257},doi={??},keywords={withinvolume}}
@incollection{chapters/casefooter,author={Adam Przepiórkowski},title={{Case}},booktitle={{Head-Driven Phrase Structure Grammar{: The handbook}}},editor={Stefan Müller and  Anne Abeillé and  Robert D. Borsley  and  Jean-​Pierre Koenig},publisher={Language Science Press.},Address={Berlin},year={2020},pages={229--257},doi={??},options={dataonly=true}}
@incollection{chapters/np,author={Frank {Van Eynde}},title={{Nominal structures}},booktitle={{Head-Driven Phrase Structure Grammar{: The handbook}}},editor={Stefan Müller and  Anne Abeillé and  Robert D. Borsley  and  Jean-​Pierre Koenig},publisher={Language Science Press.},Address={Berlin},year={2020},pages={259--297},doi={??},keywords={withinvolume}}
@incollection{chapters/npfooter,author={Frank {Van Eynde}},title={{Nominal structures}},booktitle={{Head-Driven Phrase Structure Grammar{: The handbook}}},editor={Stefan Müller and  Anne Abeillé and  Robert D. Borsley  and  Jean-​Pierre Koenig},publisher={Language Science Press.},Address={Berlin},year={2020},pages={259--297},doi={??},options={dataonly=true}}
@incollection{chapters/arg-st,author={Stephen Wechsler and  Jean-Pierre Koenig  and  Anthony Davis},title={{Argument structure and linking}},booktitle={{Head-Driven Phrase Structure Grammar{: The handbook}}},editor={Stefan Müller and  Anne Abeillé and  Robert D. Borsley  and  Jean-​Pierre Koenig},publisher={Language Science Press.},Address={Berlin},year={2020},pages={299--348},doi={??},keywords={withinvolume}}
@incollection{chapters/arg-stfooter,author={Stephen Wechsler and  Jean-Pierre Koenig  and  Anthony Davis},title={{Argument structure and linking}},booktitle={{Head-Driven Phrase Structure Grammar{: The handbook}}},editor={Stefan Müller and  Anne Abeillé and  Robert D. Borsley  and  Jean-​Pierre Koenig},publisher={Language Science Press.},Address={Berlin},year={2020},pages={299--348},doi={??},options={dataonly=true}}
@incollection{chapters/order,author={Stefan Müller},title={{Constituent order}},booktitle={{Head-Driven Phrase Structure Grammar{: The handbook}}},editor={Stefan Müller and  Anne Abeillé and  Robert D. Borsley  and  Jean-​Pierre Koenig},publisher={Language Science Press.},Address={Berlin},year={2020},pages={349--393},doi={??},keywords={withinvolume}}
@incollection{chapters/orderfooter,author={Stefan Müller},title={{Constituent order}},booktitle={{Head-Driven Phrase Structure Grammar{: The handbook}}},editor={Stefan Müller and  Anne Abeillé and  Robert D. Borsley  and  Jean-​Pierre Koenig},publisher={Language Science Press.},Address={Berlin},year={2020},pages={349--393},doi={??},options={dataonly=true}}
@incollection{chapters/complex-predicates,author={Danièle Godard  and  Pollet Samvelian },title={{Complex predicates}},booktitle={{Head-Driven Phrase Structure Grammar{: The handbook}}},editor={Stefan Müller and  Anne Abeillé and  Robert D. Borsley  and  Jean-​Pierre Koenig},publisher={Language Science Press.},Address={Berlin},year={2020},pages={395--461},doi={??},keywords={withinvolume}}
@incollection{chapters/complex-predicatesfooter,author={Danièle Godard  and  Pollet Samvelian },title={{Complex predicates}},booktitle={{Head-Driven Phrase Structure Grammar{: The handbook}}},editor={Stefan Müller and  Anne Abeillé and  Robert D. Borsley  and  Jean-​Pierre Koenig},publisher={Language Science Press.},Address={Berlin},year={2020},pages={395--461},doi={??},options={dataonly=true}}
@incollection{chapters/control-raising,author={Anne Abeillé},title={{Control and Raising}},booktitle={{Head-Driven Phrase Structure Grammar{: The handbook}}},editor={Stefan Müller and  Anne Abeillé and  Robert D. Borsley  and  Jean-​Pierre Koenig},publisher={Language Science Press.},Address={Berlin},year={2020},pages={463--507},doi={??},keywords={withinvolume}}
@incollection{chapters/control-raisingfooter,author={Anne Abeillé},title={{Control and Raising}},booktitle={{Head-Driven Phrase Structure Grammar{: The handbook}}},editor={Stefan Müller and  Anne Abeillé and  Robert D. Borsley  and  Jean-​Pierre Koenig},publisher={Language Science Press.},Address={Berlin},year={2020},pages={463--507},doi={??},options={dataonly=true}}
@incollection{chapters/udc,author={Robert D. Borsley   and  Berthold Crysmann },title={{Unbounded dependencies}},booktitle={{Head-Driven Phrase Structure Grammar{: The handbook}}},editor={Stefan Müller and  Anne Abeillé and  Robert D. Borsley  and  Jean-​Pierre Koenig},publisher={Language Science Press.},Address={Berlin},year={2020},pages={509--562},doi={??},keywords={withinvolume}}
@incollection{chapters/udcfooter,author={Robert D. Borsley   and  Berthold Crysmann },title={{Unbounded dependencies}},booktitle={{Head-Driven Phrase Structure Grammar{: The handbook}}},editor={Stefan Müller and  Anne Abeillé and  Robert D. Borsley  and  Jean-​Pierre Koenig},publisher={Language Science Press.},Address={Berlin},year={2020},pages={509--562},doi={??},options={dataonly=true}}
@incollection{chapters/relative-clauses,author={Doug Arnold  and  Danièle Godard },title={{Relative clauses in HPSG}},booktitle={{Head-Driven Phrase Structure Grammar{: The handbook}}},editor={Stefan Müller and  Anne Abeillé and  Robert D. Borsley  and  Jean-​Pierre Koenig},publisher={Language Science Press.},Address={Berlin},year={2020},pages={563--627},doi={??},keywords={withinvolume}}
@incollection{chapters/relative-clausesfooter,author={Doug Arnold  and  Danièle Godard },title={{Relative clauses in HPSG}},booktitle={{Head-Driven Phrase Structure Grammar{: The handbook}}},editor={Stefan Müller and  Anne Abeillé and  Robert D. Borsley  and  Jean-​Pierre Koenig},publisher={Language Science Press.},Address={Berlin},year={2020},pages={563--627},doi={??},options={dataonly=true}}
@incollection{chapters/islands,author={Rui Chaves},title={{Island phenomena and related matters}},booktitle={{Head-Driven Phrase Structure Grammar{: The handbook}}},editor={Stefan Müller and  Anne Abeillé and  Robert D. Borsley  and  Jean-​Pierre Koenig},publisher={Language Science Press.},Address={Berlin},year={2020},pages={629--683},doi={??},keywords={withinvolume}}
@incollection{chapters/islandsfooter,author={Rui Chaves},title={{Island phenomena and related matters}},booktitle={{Head-Driven Phrase Structure Grammar{: The handbook}}},editor={Stefan Müller and  Anne Abeillé and  Robert D. Borsley  and  Jean-​Pierre Koenig},publisher={Language Science Press.},Address={Berlin},year={2020},pages={629--683},doi={??},options={dataonly=true}}
@incollection{chapters/coordination,author={Anne Abeillé   and  Rui Chaves},title={{Coordination}},booktitle={{Head-Driven Phrase Structure Grammar{: The handbook}}},editor={Stefan Müller and  Anne Abeillé and  Robert D. Borsley  and  Jean-​Pierre Koenig},publisher={Language Science Press.},Address={Berlin},year={2020},pages={685--735},doi={??},keywords={withinvolume}}
@incollection{chapters/coordinationfooter,author={Anne Abeillé   and  Rui Chaves},title={{Coordination}},booktitle={{Head-Driven Phrase Structure Grammar{: The handbook}}},editor={Stefan Müller and  Anne Abeillé and  Robert D. Borsley  and  Jean-​Pierre Koenig},publisher={Language Science Press.},Address={Berlin},year={2020},pages={685--735},doi={??},options={dataonly=true}}
@incollection{chapters/idioms,author={Manfred Sailer},title={{Idioms}},booktitle={{Head-Driven Phrase Structure Grammar{: The handbook}}},editor={Stefan Müller and  Anne Abeillé and  Robert D. Borsley  and  Jean-​Pierre Koenig},publisher={Language Science Press.},Address={Berlin},year={2020},pages={737--769},doi={??},keywords={withinvolume}}
@incollection{chapters/idiomsfooter,author={Manfred Sailer},title={{Idioms}},booktitle={{Head-Driven Phrase Structure Grammar{: The handbook}}},editor={Stefan Müller and  Anne Abeillé and  Robert D. Borsley  and  Jean-​Pierre Koenig},publisher={Language Science Press.},Address={Berlin},year={2020},pages={737--769},doi={??},options={dataonly=true}}
@incollection{chapters/negation,author={Jong-Bok Kim},title={{Negation}},booktitle={{Head-Driven Phrase Structure Grammar{: The handbook}}},editor={Stefan Müller and  Anne Abeillé and  Robert D. Borsley  and  Jean-​Pierre Koenig},publisher={Language Science Press.},Address={Berlin},year={2020},pages={771--805},doi={??},keywords={withinvolume}}
@incollection{chapters/negationfooter,author={Jong-Bok Kim},title={{Negation}},booktitle={{Head-Driven Phrase Structure Grammar{: The handbook}}},editor={Stefan Müller and  Anne Abeillé and  Robert D. Borsley  and  Jean-​Pierre Koenig},publisher={Language Science Press.},Address={Berlin},year={2020},pages={771--805},doi={??},options={dataonly=true}}
@incollection{chapters/ellipsis,author={Joanna Nykiel  and  Jong-Bok Kim},title={{Ellipsis}},booktitle={{Head-Driven Phrase Structure Grammar{: The handbook}}},editor={Stefan Müller and  Anne Abeillé and  Robert D. Borsley  and  Jean-​Pierre Koenig},publisher={Language Science Press.},Address={Berlin},year={2020},pages={807--846},doi={??},keywords={withinvolume}}
@incollection{chapters/ellipsisfooter,author={Joanna Nykiel  and  Jong-Bok Kim},title={{Ellipsis}},booktitle={{Head-Driven Phrase Structure Grammar{: The handbook}}},editor={Stefan Müller and  Anne Abeillé and  Robert D. Borsley  and  Jean-​Pierre Koenig},publisher={Language Science Press.},Address={Berlin},year={2020},pages={807--846},doi={??},options={dataonly=true}}
@incollection{chapters/binding,author={Stefan Müller   and  António Branco },title={{Anaphoric Binding}},booktitle={{Head-Driven Phrase Structure Grammar{: The handbook}}},editor={Stefan Müller and  Anne Abeillé and  Robert D. Borsley  and  Jean-​Pierre Koenig},publisher={Language Science Press.},Address={Berlin},year={2020},pages={847--896},doi={??},keywords={withinvolume}}
@incollection{chapters/bindingfooter,author={Stefan Müller   and  António Branco },title={{Anaphoric Binding}},booktitle={{Head-Driven Phrase Structure Grammar{: The handbook}}},editor={Stefan Müller and  Anne Abeillé and  Robert D. Borsley  and  Jean-​Pierre Koenig},publisher={Language Science Press.},Address={Berlin},year={2020},pages={847--896},doi={??},options={dataonly=true}}
@incollection{chapters/morphology,author={Berthold Crysmann },title={{Morphology}},booktitle={{Head-Driven Phrase Structure Grammar{: The handbook}}},editor={Stefan Müller and  Anne Abeillé and  Robert D. Borsley  and  Jean-​Pierre Koenig},publisher={Language Science Press.},Address={Berlin},year={2020},pages={899--948},doi={??},keywords={withinvolume}}
@incollection{chapters/morphologyfooter,author={Berthold Crysmann },title={{Morphology}},booktitle={{Head-Driven Phrase Structure Grammar{: The handbook}}},editor={Stefan Müller and  Anne Abeillé and  Robert D. Borsley  and  Jean-​Pierre Koenig},publisher={Language Science Press.},Address={Berlin},year={2020},pages={899--948},doi={??},options={dataonly=true}}
@incollection{chapters/semantics,author={Jean-Pierre Koenig  and  Frank Richter},title={{Semantics}},booktitle={{Head-Driven Phrase Structure Grammar{: The handbook}}},editor={Stefan Müller and  Anne Abeillé and  Robert D. Borsley  and  Jean-​Pierre Koenig},publisher={Language Science Press.},Address={Berlin},year={2020},pages={949--988},doi={??},keywords={withinvolume}}
@incollection{chapters/semanticsfooter,author={Jean-Pierre Koenig  and  Frank Richter},title={{Semantics}},booktitle={{Head-Driven Phrase Structure Grammar{: The handbook}}},editor={Stefan Müller and  Anne Abeillé and  Robert D. Borsley  and  Jean-​Pierre Koenig},publisher={Language Science Press.},Address={Berlin},year={2020},pages={949--988},doi={??},options={dataonly=true}}
@incollection{chapters/information-structure,author={Kordula {De Kuthy}},title={{Information structure}},booktitle={{Head-Driven Phrase Structure Grammar{: The handbook}}},editor={Stefan Müller and  Anne Abeillé and  Robert D. Borsley  and  Jean-​Pierre Koenig},publisher={Language Science Press.},Address={Berlin},year={2020},pages={989--1024},doi={??},keywords={withinvolume}}
@incollection{chapters/information-structurefooter,author={Kordula {De Kuthy}},title={{Information structure}},booktitle={{Head-Driven Phrase Structure Grammar{: The handbook}}},editor={Stefan Müller and  Anne Abeillé and  Robert D. Borsley  and  Jean-​Pierre Koenig},publisher={Language Science Press.},Address={Berlin},year={2020},pages={989--1024},doi={??},options={dataonly=true}}
@incollection{chapters/processing,author={Tom Wasow},title={{Processing}},booktitle={{Head-Driven Phrase Structure Grammar{: The handbook}}},editor={Stefan Müller and  Anne Abeillé and  Robert D. Borsley  and  Jean-​Pierre Koenig},publisher={Language Science Press.},Address={Berlin},year={2020},pages={1027--1049},doi={??},keywords={withinvolume}}
@incollection{chapters/processingfooter,author={Tom Wasow},title={{Processing}},booktitle={{Head-Driven Phrase Structure Grammar{: The handbook}}},editor={Stefan Müller and  Anne Abeillé and  Robert D. Borsley  and  Jean-​Pierre Koenig},publisher={Language Science Press.},Address={Berlin},year={2020},pages={1027--1049},doi={??},options={dataonly=true}}
@incollection{chapters/cl,author={Emily M.\ Bender  and  Guy Emerson },title={{Computational linguistics and grammar engineering}},booktitle={{Head-Driven Phrase Structure Grammar{: The handbook}}},editor={Stefan Müller and  Anne Abeillé and  Robert D. Borsley  and  Jean-​Pierre Koenig},publisher={Language Science Press.},Address={Berlin},year={2020},pages={1051--1095},doi={??},keywords={withinvolume}}
@incollection{chapters/clfooter,author={Emily M.\ Bender  and  Guy Emerson },title={{Computational linguistics and grammar engineering}},booktitle={{Head-Driven Phrase Structure Grammar{: The handbook}}},editor={Stefan Müller and  Anne Abeillé and  Robert D. Borsley  and  Jean-​Pierre Koenig},publisher={Language Science Press.},Address={Berlin},year={2020},pages={1051--1095},doi={??},options={dataonly=true}}
@incollection{chapters/pragmatics,author={Andy Lücking and  Jonathan Ginzburg  and  Robin Cooper},title={{Grammar in dialogue}},booktitle={{Head-Driven Phrase Structure Grammar{: The handbook}}},editor={Stefan Müller and  Anne Abeillé and  Robert D. Borsley  and  Jean-​Pierre Koenig},publisher={Language Science Press.},Address={Berlin},year={2020},pages={1097--1142},doi={??},keywords={withinvolume}}
@incollection{chapters/pragmaticsfooter,author={Andy Lücking and  Jonathan Ginzburg  and  Robin Cooper},title={{Grammar in dialogue}},booktitle={{Head-Driven Phrase Structure Grammar{: The handbook}}},editor={Stefan Müller and  Anne Abeillé and  Robert D. Borsley  and  Jean-​Pierre Koenig},publisher={Language Science Press.},Address={Berlin},year={2020},pages={1097--1142},doi={??},options={dataonly=true}}
@incollection{chapters/sign-lg,author={Markus Steinbach  and  Anke Holler},title={{Sign languages}},booktitle={{Head-Driven Phrase Structure Grammar{: The handbook}}},editor={Stefan Müller and  Anne Abeillé and  Robert D. Borsley  and  Jean-​Pierre Koenig},publisher={Language Science Press.},Address={Berlin},year={2020},pages={1143--1144},doi={??},keywords={withinvolume}}
@incollection{chapters/sign-lgfooter,author={Markus Steinbach  and  Anke Holler},title={{Sign languages}},booktitle={{Head-Driven Phrase Structure Grammar{: The handbook}}},editor={Stefan Müller and  Anne Abeillé and  Robert D. Borsley  and  Jean-​Pierre Koenig},publisher={Language Science Press.},Address={Berlin},year={2020},pages={1143--1144},doi={??},options={dataonly=true}}
@incollection{chapters/gesture,author={Andy Lücking},title={{Gesture}},booktitle={{Head-Driven Phrase Structure Grammar{: The handbook}}},editor={Stefan Müller and  Anne Abeillé and  Robert D. Borsley  and  Jean-​Pierre Koenig},publisher={Language Science Press.},Address={Berlin},year={2020},pages={1145--1193},doi={??},keywords={withinvolume}}
@incollection{chapters/gesturefooter,author={Andy Lücking},title={{Gesture}},booktitle={{Head-Driven Phrase Structure Grammar{: The handbook}}},editor={Stefan Müller and  Anne Abeillé and  Robert D. Borsley  and  Jean-​Pierre Koenig},publisher={Language Science Press.},Address={Berlin},year={2020},pages={1145--1193},doi={??},options={dataonly=true}}
@incollection{chapters/minimalism,author={Robert D.\ Borsley  and  Stefan Müller},title={{HPSG and Minimalism}},booktitle={{Head-Driven Phrase Structure Grammar{: The handbook}}},editor={Stefan Müller and  Anne Abeillé and  Robert D. Borsley  and  Jean-​Pierre Koenig},publisher={Language Science Press.},Address={Berlin},year={2020},pages={1197--1269},doi={??},keywords={withinvolume}}
@incollection{chapters/minimalismfooter,author={Robert D.\ Borsley  and  Stefan Müller},title={{HPSG and Minimalism}},booktitle={{Head-Driven Phrase Structure Grammar{: The handbook}}},editor={Stefan Müller and  Anne Abeillé and  Robert D. Borsley  and  Jean-​Pierre Koenig},publisher={Language Science Press.},Address={Berlin},year={2020},pages={1197--1269},doi={??},options={dataonly=true}}
@incollection{chapters/cg,author={Yusuke Kubota},title={{HPSG and Categorial Grammar}},booktitle={{Head-Driven Phrase Structure Grammar{: The handbook}}},editor={Stefan Müller and  Anne Abeillé and  Robert D. Borsley  and  Jean-​Pierre Koenig},publisher={Language Science Press.},Address={Berlin},year={2020},pages={1271--1331},doi={??},keywords={withinvolume}}
@incollection{chapters/cgfooter,author={Yusuke Kubota},title={{HPSG and Categorial Grammar}},booktitle={{Head-Driven Phrase Structure Grammar{: The handbook}}},editor={Stefan Müller and  Anne Abeillé and  Robert D. Borsley  and  Jean-​Pierre Koenig},publisher={Language Science Press.},Address={Berlin},year={2020},pages={1271--1331},doi={??},options={dataonly=true}}
@incollection{chapters/lfg,author={Stephen Wechsler  and  Ash Asudeh},title={{HPSG and Lexical Functional Grammar}},booktitle={{Head-Driven Phrase Structure Grammar{: The handbook}}},editor={Stefan Müller and  Anne Abeillé and  Robert D. Borsley  and  Jean-​Pierre Koenig},publisher={Language Science Press.},Address={Berlin},year={2020},pages={1333--1384},doi={??},keywords={withinvolume}}
@incollection{chapters/lfgfooter,author={Stephen Wechsler  and  Ash Asudeh},title={{HPSG and Lexical Functional Grammar}},booktitle={{Head-Driven Phrase Structure Grammar{: The handbook}}},editor={Stefan Müller and  Anne Abeillé and  Robert D. Borsley  and  Jean-​Pierre Koenig},publisher={Language Science Press.},Address={Berlin},year={2020},pages={1333--1384},doi={??},options={dataonly=true}}
@incollection{chapters/dg,author={Richard Hudson},title={{HPSG and Dependency Grammar}},booktitle={{Head-Driven Phrase Structure Grammar{: The handbook}}},editor={Stefan Müller and  Anne Abeillé and  Robert D. Borsley  and  Jean-​Pierre Koenig},publisher={Language Science Press.},Address={Berlin},year={2020},pages={1385--1430},doi={??},keywords={withinvolume}}
@incollection{chapters/dgfooter,author={Richard Hudson},title={{HPSG and Dependency Grammar}},booktitle={{Head-Driven Phrase Structure Grammar{: The handbook}}},editor={Stefan Müller and  Anne Abeillé and  Robert D. Borsley  and  Jean-​Pierre Koenig},publisher={Language Science Press.},Address={Berlin},year={2020},pages={1385--1430},doi={??},options={dataonly=true}}
@incollection{chapters/cxg,author={Stefan Müller},title={{HPSG and Construction Grammar}},booktitle={{Head-Driven Phrase Structure Grammar{: The handbook}}},editor={Stefan Müller and  Anne Abeillé and  Robert D. Borsley  and  Jean-​Pierre Koenig},publisher={Language Science Press.},Address={Berlin},year={2020},pages={1431--1484},doi={??},keywords={withinvolume}}
@incollection{chapters/cxgfooter,author={Stefan Müller},title={{HPSG and Construction Grammar}},booktitle={{Head-Driven Phrase Structure Grammar{: The handbook}}},editor={Stefan Müller and  Anne Abeillé and  Robert D. Borsley  and  Jean-​Pierre Koenig},publisher={Language Science Press.},Address={Berlin},year={2020},pages={1431--1484},doi={??},options={dataonly=true}}
